2825 4642
198 396 279 421 ab

1104 312 1201 337 ...-
1350 296 1500 361 2q2
1654 320 1750 337 ..-

389 466 763 561 iniquum‚
827 490 899 538 et
964 469 1259 559 quidem
1316 474 1784 561 pertinaciter
1859 472 2138 551 visumg
2202 461 2518 535 ”maxime

388 574 665 641 Licinio
698 570 997 659 Nepoti,
1050 572 1179 659 qui
1214 575 1546 659 sequenti
1581 586 1854 649 senatu,
1909 593 2130 659 quum
2175 570 2264 634 de
2303 570 2520 636 rebus

394 674 551 741 aliis
573 674 1017 763 vreferretur,
1083 673 1175 736 de
1213 673 1534 759 proximo
1605 670 2230 750 senatusconsulto
2301 668 2524 735 disse-

387 775 552 851 ruit,
594 772 1017 858 finitamque
1072 792 1351 837 causam
1385 772 1803 837 retractavit.
1847 822 1853 830 .
1903 768 2206 837 Addidit
2269 768 2520 859 etiam,

384 873 781 961 petendum
832 890 869 933 a
914 868 1365 953 consulibus,
1429 886 1506 937 ut
1541 871 1928 949 referrent,
2005 870 2138 937 sub
2189 869 2516 951 exemplo

382 973 565 1059 legis
609 970 955 1051 ambitus,
1025 971 1115 1035 dc
1164 970 1325 1059 lege
1378 971 1978 1059 repetundarum,
2039 990 2130 1031 an
2196 966 2520 1051 placeret

386 1072 464 1135 in
510 1071 833 1136 futurum
870 1070 957 1135 ad
1007 1090 1159 1133 eam
1191 1070 1430 1159 legem
1467 1069 1756 1151 adjici„
1806 1081 1926 1149 ut,
1981 1068 2165 1133 sicut
2227 1064 2518 1135 adcusa-

384 1172 659 1235 'toribus
707 1168 1126 1254 inquirendi
1188 1168 1634 1251 testibusque
1684 1166 2171 1241 denuntiandi,
2211 1176 2518 1249 potestas

386 1292 472 1335 ex
526 1292 606 1333 ea
664 1268 825 1357 iege
880 1254 1099 1348 esset,
1152 1267 1247 1331 ita
1294 1269 1434 1334 reis
1488 1288 1776 1353 quoque
1847 1268 2068 1331 fieret.
2159 1264 2516 1345 Fuerunt,

386 1368 647 1455 quibus
680 1368 855 1431 haec
898 1370 1053 1449 ejus
1108 1366 1371 1446 orati0‚
1425 1380 1502 1431 ut
1553 1386 1706 1431 sera
1773 1380 1840 1429 et
1897 1363 2388 1450 intempestiva
2445 1378 2518 1427 ct

382 1482 833 1556 praepostera
852 1483 876 1544 ⁸,
930 1466 1383 1553 displiceret:
1436 1486 1624 1553 quae
1681 1457 1938 1529 otnisso
1975 1462 2516 1529 contradicendi

386 1583 711 1653 tempore
764 1564 1133 1653 castigaret
1182 1580 1576 1651 peractum,
1631 1564 1748 1629 cui
1797 1564 2144 1650 potuisset
2181 1582 2508 1626 occurre-

382 1690 485 1731 re.-
605 1664 977 1729 Juventius
1058 1664 1352 1749 quidem
1429 1664 1676 1729 Celsus
1734 1678 2057 1749 praetor,
2153 1676 2506 1746 tamquam

389 1765 924 1836 emendatorem
978 1775 1305 1839 senatus,
1360 1776 1429 1825 et
1479 1761 1724 1826 multis
1773 1774 1842 1826 et
1895 1764 2354 1828 vehementer
2401 1760 2506 1823 in-

384 1862 685 1947 crepuit.
776 1858 1497 1945 Respondit·Nepos‚
1551 1866 1936 1946 rursusque
2005 1858 2288 1937 Celsus;
2339 1878 2511 1921 neu·

382 1982 489 2027 ter
524 1960 982 2039 contumeliis
1032 1960 1473 2044 temperavit.
1573 1959 1759 2025 Nolo
1794 1960 2106 2039 referre,
2163 1978 2336 2043 quae
2355 1957 2500 2021 dici

380 2060 467 2125 ab
528 2058 705 2143 ipsis
742 2058 1039 2123 moleste
1092 2060 1250 2123 tuli.
1354 2058 1512 2139 Quo
1581 2060 1800 2149 magis
1867 2059 2208 2143 quosdam
2265 2076 2325 2117 e·
2367 2075 2500 2116 nu-

376 2176 578 2225 meto⁴
616 2172 854 2223 nostro
909 2157 1349 2241 improbavi,
1406 2160 1534 2243 qui
1583 2160 1798 2223 modo
1849 2159 1934 2223 ad
1975 2156 2313 2247 ‘Cselsunn
2357 2174 2506 2215 mo·-

386 2260 478 2323 do
530 2258 621 2323 ad
670 2254 1017 2341 Nepotem
1052 2302 1070 2334 ,
1125 2270 1335 2343 prout
1386 2258 1510 2321 hic
1561 2258 1676 2322 vei
1728 2258 1858 2325 ille
1925 2258 2234 2333 diceret,
2311 2252 2504 2337 cupi·

362 2358 601 2423 ‘ditate
656 2356 998 2420 audiendi
1054 2356 1539 2441 cursitabant3
1596 2370 1665 2419 et
1700 2378 1940 2436 nunc,
2009 2354 2206 2439 quasi
2269 2352 2504 2417 stimu-

382 2458 612 2522 larent
656 2470 722 2519 et
790 2456 1319 2547 accenderent,
1387 2478 1628 2533 nunc,
1708 2454 1908 2539 quasi
1962 2452 2512 2519 reconciliarent

386 2568 1048 2638 componerentque
1072 2600 1095 2633 ‚
1148 2556 1608 2644 frequentius
1629 2556 1946 2643 „siugulis
1967 2600 1985 2631 ‚
2041 2552 2386 2617 ambobus
2404 2551 2512 2614 in·

390 2654 710 2729 tertium,
766 2653 1162 2737 propitium
1220 2652 1635 2729 Caesarem,
1689 2669 1765 2716 ut
1807 2656 1878 2717 in
1920 2654 2202 2717 ludicro
2241 2652 2516 2731 aliquo,

386 2750 894 2838 precabantur.
1005 2752 1185 2815 Mihi
1228 2752 1521 2837 quidem
1577 2752 1763 2817 illud
1802 2754 2005 2817 etiam
2045 2748 2516 2839 peracerbum
