2825 4642
1154 299 1253 333 ⁶²-
1406 287 1548 351 228
1698 301 1794 332 -·-

418 483 570 539 tans
591 449 933 536 circumit.
960 465 1219 533 Contra
1244 465 1403 534 fons
1424 467 1646 558 egerit
1663 488 1923 554 aquam
1960 480 2031 532 et
2051 464 2306 551 recipit
2329 489 2346 526 ε
2369 489 2538 534 nam

420 573 707 658 expulsa
743 571 817 630 in
852 565 1115 630 altum
1094 586 1170 629 in
1185 586 1260 632 se
1292 568 1510 646 cadit,
1533 567 1955 652 junctisque
1987 567 2292 633 hiatibus
2315 579 2384 632 et
2413 568 2536 632 ab·

420 673 746 740 sorbetur
782 680 848 731 et
882 665 1177 730 tollitur.
1226 664 1280 727 E
1319 670 1614 754 regione
1668 665 1953 730 stibadii
1994 665 2363 730 adversum
2402 690 2531 732 cu-

416 753 745 846 biculum
811 778 1083 829 tantum
1136 763 1442 832 stibadio
1495 761 1732 828 reddit
1784 777 2110 842 ornatuS‚
2169 777 2526 880 quantum

416 866 679 950 accipit
727 864 815 930 ab
865 864 1019 929 illo.
1040 863 1428 930 Marmore
1479 863 1847 948 splendet,
1898 863 2104 930 valvis
2151 865 2226 926 in
2278 849 2525 930 viridia

412 967 770 1058 prominet
822 975 893 1026 et
939 961 1115 1026 exiti
1154 963 1287 1028 alia
1332 959 1590 1026 viridia
1643 961 2130 1047 superioribus
2167 953 2530 1027 inferiori·

423 1059 704 1147 busque
758 1061 1083 1126 fenestris
1117 1063 1411 1148 suspicit
1444 1059 1912 1146 despicitque.
1951 1061 2118 1126 Mox
2152 1063 2542 1130 ‘zothecula

422 1163 693 1251 refugit
748 1161 946 1246 quasi
998 1159 1073 1222 in
1124 1157 1541 1225 cubiculum
1582 1159 1775 1224 idem
1807 1173 2020 1244 atque
2077 1159 2292 1232 aliud.
2359 1159 2542 1226 Lec-

422 1257 537 1328 lus
590 1263 743 1338 hic,
777 1274 846 1322 et
896 1255 1218 1344 undique
1272 1259 1662 1336 fenestrae,
1721 1272 1790 1322 et
1836 1271 2073 1322 tamen
2108 1259 2349 1323 lumen
2399 1260 2536 1324 ob·

419 1375 743 1438 Scurum,
796 1357 1045 1424 umbra
1093 1367 1486 1448 premente.
1538 1355 1718 1420 Nam
1764 1357 2142 1424 laetissima
2193 1359 2344 1424 vitis
2399 1379 2535 1443 per

418 1469 635 1524 bmne
701 1471 965 1524 tectum
1025 1460 1101 1522 in
1155 1458 1446 1522 culmen
1512 1455 1765 1521 nititur
1813 1468 1882 1520 et
1931 1457 2320 1522 adscendit.
2373 1457 2540 1524 Non

414 1574 621 1626 cecus
696 1557 798 1621 ibi
838 1603 857 1636 ,
906 1577 1137 1641 quam
1188 1547 1267 1620 in
1316 1577 1658 1634 nemore,
1709 1559 1982 1637 jaceas·
2033 1555 2335 1622 imbrem
2385 1570 2542 1622 tan·

414 1672 611 1736 tum,
662 1673 1017 1739 tamquam
1050 1658 1125 1720 in
1152 1677 1486 1730 nemore,
1538 1674 1691 1718 non
1724 1657 2005 1722 sentias-
2074 1655 2205 1722 Hic
2245 1679 2537 1742 quoque

342 1757 577 1822 ·fons
622 1755 957 1819 nascitur
948 1755 1329 1839 simulque
1358 1751 1804 1819 subducitur.
1881 1753 2060 1818 Sunt
2095 1756 2270 1821 locis
2311 1757 2536 1842 pluri·

408 1855 547 1940 bus
600 1852 935 1956 disposita
990 1855 1241 1917 sedilia
1280 1875 1321 1916 e
1373 1873 1763 1930 marmore,
1815 1875 1996 1937 quae
2051 1853 2535 1920 ambulatione
2571 1843 2605 1914 .‘

408 1953 670 2031 fessos,
726 1965 803 2016 ut
842 1937 1310 2016 cubiculum‘
1291 1973 1563 2036 ipsum,
1615 1952 1880 2030 juvant.
1962 1953 2315 2016 Fonticuli
2348 1955 2544 2020 sedi..

403 2051 601 2118 iibus
640 2051 1001 2164 adjacent,
1054 2073 1183 2136 per
1222 2064 1452 2115 totum
1485 2049 2036 2149 hippodromum
2080 2053 2326 2116 dulces
2359 2063 2535 2117 stre·

406 2163 593 2266 punt
628 2149 803 2226 rivi,
842 2165 947 2227 et,
992 2173 1129 2240 qua
1166 2169 1413 2214 manus
1457 2148 1691 2227 duxit,
1719 2167 2134 2234 sequuntur.
2173 2151 2293 2214 His
2337 2171 2536 2217 nunc

408 2237 541 2313 illa
582 2247 879 2324 viridia,
936 2269 1128 2312 nunc
1162 2251 1227 2312 h
1218 2271 1376 2324 nec,
1433 2247 1795 2312 interdum
1835 2249 2048 2314 simul
2102 2252 2374 2328 omnia,
2423 2253 2536 2329 ju·

410 2355 687 2412 vantur.
774 2347 1116 2412 Vitassem
1172 2347 1632 2428 jamdudum,
1685 2369 1776 2412 ne
1829 2348 2110 2413 viderer
2165 2349 2476 2436 argutior
2509 2393 2532 2427 ,

412 2447 556 2510 nisi
606 2447 1129 2529 proposuissem
1178 2463 1425 2508 omnes
1464 2446 1756 2532 angulos
1785 2461 2022 2510 tecum
2061 2447 2354 2530 epis-tola
2395 2450 2538 2511 cir-

412 2543 711 2608 cumire.
776 2541 1026 2628 Neque
1080 2541 1271 2607 enim
1314 2545 1646 2621 verebar,
1719 2557 1812 2608 n‘e
1861 2543 2296 2623 laboriosum
2345 2560 2530 2612 esset

410 2641 686 2728 legenti
738 2643 868 2706 tibi
906 2687 925 2716 ‚
984 2645 1177 2728 quod
1233 2643 1484 2708 visenti
1551 2665 1694 2706 non
1751 2644 2054 2722 fuisset3
2115 2645 2533 2728 praesertim.

418 2759 643 2823 quum
692 2739 1290 2824 interquiescere,
1342 2742 1402 2808 si
1434 2741 1727 2820 liberet,
1780 2741 2240 2827 depositaque
2275 2743 2534 2826 episto-

416 2838 531 2921 la,
590 2837 801 2924 quasi
830 2839 1141 2904 residere
1176 2834 1454 2928 saepius
1505 2861 1759 2927 posses.
1839 2841 2208 2908 Praeterea
2255 2841 2528 2909 indulsi
