2825 4642
957 261 1166 353 ,’--
1318 270 1458 335 228
1610 296 1712 313 -·

348 453 667 548 dumquq
718 445 1115 533 praebere?
1166 430 1576 528 Praeterea,
1633 451 1804 534 quid
1859 453 2152 537 publice
2215 467 2448 536 minus

347 567 465 618 aut
524 569 919 636 congruens
974 555 1091 608 aut
1152 543 1541 626 decorum,
1609 565 1925 616 notatum
1966 580 2000 619 a
2071 577 2315 630 senatu
2369 569 2452 634 in

294 648 302 656 ”
344 653 586 716 ⁸«uentitu
630 647 927 712 sedere?
996 641 1309 731 ipsisque
1348 649 1539 728 illis,
1593 673 1628 714 a
1684 652 1942 735 quibus
1994 659 2081 721 sit
2132 679 2452 749 notatus,

336 745 689 832 aequari?
773 759 842 809 et
895 745 1297 838 submotum
1334 769 1368 810 a
1440 749 1988 835 probonsulatu‚
2057 763 2186 842 qui
2235 785 2348 830 se.
2370 770 2446 832 in

341 846 698 935 legatione
742 845 1049 930 turpiter
1100 860 1446 932 gesserat,
1501 851 1591 912 de
1645 855 2208 934 proconsulibus
2256 866 2468 942 judi-·

346 953 557 1013 care?
628 946 1181 1034 damnatumque
1264 949 1662 1028 sordium,
1689 951 1802 1014 vel
1870 956 2204 1024 damnare
2267 965 2444 1035 alios

342 1046 454 1111 vel
498 1046 909 1112 absolvere?
962 1045 1098 1107 Sed
1142 1045 1276 1110 hoe
1328 1047 1656 1134 pluribus
1719 1034 1956 1126 visum
1995 1070 2138 1134 est3
2189 1078 2440 1146 nume..

338 1161 581 1212 rantur
668 1144 865 1210 enim
921 1147 1361 1232 sententiae,
1435 1169 1582 1212 non
1647 1153 2186 1234 ponderantur.
2287 1143 2438 1228 Neo

342 1247 539 1312 aliud
589 1243 667 1306 in
702 1244 999 1328 publico
1058 1245 1357 1309 consilio
1406 1261 1635 1332 potest
1670 1249 1868 1330 fieri,
1922 1254 1998 1316 in
2053 1278 2196 1338 quo
2251 1261 2439 1326 nihil

342 1360 444 1410 est
516 1343 936 1426 inaequale,
991 1365 1203 1426 quam
1258 1347 1641 1430 aequalitas
1695 1349 1864 1433 ipsa.
1969 1351 2147 1418 Nam
2209 1379 2440 1442 quum·

335 1447 422 1513 sit
474 1445 705 1557 impar
752 1442 1125 1527 prudentia
1156 1493 1181 1529 .,
1234 1465 1358 1528 par
1393 1447 1710 1511 omnium
1756 1453 1867 1528 jus
1921 1466 2042 1516 est.
2141 1453 2434 1543 Implevi

334 1544 794 1630 promissum,
830 1543 1233 1625 priorisque
1268 1547 1610 1628 epistolae
1636 1541 1852 1611 fidem
1893 1553 2150 1618 exsolvi
2174 1596 2194 1627 ,
2223 1580 2437 1642 quam

336 1665 419 1708 ex
469 1640 691 1728 spatio
726 1642 1061 1725 temporis
1117 1645 1254 1720 iam
1342 1647 1692 1729 recepisse
1727 1662 1795 1710 te
1869 1652 2158 1740 colligo·
2259 1657 2438 1724 Nam

337 1756 405 1806 et
444 1739 803 1805 festinanti
862 1753 928 1804 et
986 1741 1349 1830 diligenti
1368 1743 1737 1810 tabellario
1791 1747 1996 1810 dedit
2063 1753 2202 1816 nisi
2267 1758 2444 1840 quid

336 1839 829 1924 impedimenti
874 1841 949 1902 in
1004 1842 1109 1904 via
1164 1863 1397 1924 passus
1439 1850 1562 1906 est.
1666 1843 1867 1908 Tuae
1916 1871 2110 1914 nune
2161 1869 2436 1942 partes,

334 1951 414 2004 ut
452 1940 759 2025 primum
791 1939 1027 2017 illam,
1082 1941 1344 2008 deinde
1396 1944 1577 2004 hane
1624 1949 2102 2010 remunereris
2155 1950 2378 2020 literis
2417 1999 2442 2034 ,

337 2039 581 2126 quales
614 2039 867 2104 isthinc
918 2034 1155 2104 redire
1197 2040 1596 2118 uberrimae
1639 2058 1949 2130 possunt.
2055 2045 2256 2114 Vale.
