2825 4642
1116 340 1216 385 -j
1371 310 1507 377 108
1656 341 1755 359 ‘¹-

341 482 948 575 'depoposcisti.·
1029 484 1192 555 Non
1259 502 1366 555 est
1432 499 1713 569 tamen,
1778 490 1975 575 quod
2042 492 2131 557 ab
2198 491 2481 561 homine

395 586 750 653 desidioso
801 584 1080 673 aliquid
1124 588 1290 653 novi
1339 588 1575 675 operis
1655 601 2041 673 exspectes.
2137 587 2488 659 Petiturus

396 706 552 751 sum
604 682 838 763 enim,
885 700 962 751 ut
1027 709 1268 753 rursus
1322 708 1523 753 vaces
1587 687 1945 767 sermoni,
2012 709 2231 772 quem
2302 690 2493 778 apud

395 782 794 867 municipes
855 792 1052 854 meos
1119 786 1373 865 habui,
1438 784 1949 853 bibliothecam
2012 785 2491 856 dedicaturus.

394 880 699 949 Memini
751 882 1101 967 quidem,
1160 899 1228 949 te
1278 889 1423 967 jam
1488 884 1843 970 quaedam
1908 886 2325 967 adnotasse,
2372 889 2501 954 sed

376 982 862 1095 'genet-aliter:
911 984 1080 1051 ideo
1140 1006 1336 1049 nunc
1385 1005 1599 1073 rogo.
1656 994 1733 1046 ut
1784 1004 1931 1047 non
1991 997 2265 1051 tantum
2338 987 2499 1051 uni·

395 1078 706 1146 versitati
789 1083 942 1161 ejus
1031 1086 1386 1156 attendas,
1460 1092 1707 1147 verum
1789 1082 2003 1148 etiam
2069 1083 2455 1169 particulas
2476 1129 2498 1163 ,

395 1200 548 1265 qua
617 1178 802 1246 soles
870 1181 1084 1262 lima,
1146 1180 1621 1269 persequaris.
1718 1176 1871 1243 Erit
1938 1181 2133 1246 enim
2206 1194 2277 1246 et
2342 1194 2502 1269 post

375 1278 974 1343 -emendationem
1043 1279 1352 1349 liberum
1420 1276 1665 1359 nobis,
1740 1279 1857 1345 vel
1946 1278 2315 1367 publicare
2383 1282 2499 1345 vel
2550 1326 2557 1335 -
2642 1288 2657 1299 ⁰

399 1378 797 1451 continere.
858 1379 1090 1459 'Quin
1154 1381 1297 1447 imo
1353 1379 1649 1444 fortasse
1698 1372 1881 1443 hanc
1939 1380 2161 1465 ipsam
2211 1394 2499 1446 cuncta·

363 1476 668 1543 'tionem
721 1492 1026 1559 nostram
1079 1480 1154 1544 in
1217 1480 1625 1545 alterutram
1677 1478 2099 1543 sententiam
2168 1478 2499 1543 ernenda-

371 1574 616 1655 ‚tionis
658 1577 836 1641 ratio
879 1577 1228 1643 deducet·
1281 1598 1501 1671 quae
1518 1588 1637 1641 aut
1687 1574 2065 1663 indignum
2136 1568 2493 1655 editione,

311 1696 318 1705 ¹
401 1673 576 1738 dum
613 1674 887 1759 saepius
923 1690 1283 1757 retractat,
1337 1676 1703 1755 inveniet,
1753 1690 1871 1739 aut
1912 1677 2257 1765 dignum,
2326 1675 2499 1743 dum
2560 1734 2567 1741 .

323 1792 335 1799 ·
398 1770 480 1837 id
564 1772 797 1856 ipsum
865 1775 1270 1861 experitur,
1339 1772 1631 1839 efficiet.
1748 1774 2193 1859 Quamquam
2286 1776 2500 1854 hujus
2576 1792 2583 1801 ·

401 1869 874 1937 cunctationis
907 1894 1106 1941 meae
1143 1876 1390 1939 causae
1426 1894 1570 1937 non
1604 1888 1745 1950 tam
1788 1873 1889 1937 ,in
1923 1872 2203 1959 scriptis
2226 1916 2247 1951 ,
2286 1894 2512 1957 quam·

396 1970 482 2033 in
529 1968 682 2054 ipso
722 1972 1058 2037 materiae
1106 1991 1374 2061 genere
1424 1970 1837 2037 consistunt.
1890 1969 2011 2036 Est
2067 1970 2261 2035 enim
2290 1971 2499 2054 paul·

399 2068 478 2133 lo
547 2066 928 2157 gloriosius
985 2086 1058 2137 et
1131 2072 1419 2138 elatius·
1544 2068 1887 2136 Onerabit
1949 2070 2087 2133 hoc
2154 2067 2495 2133 modesti·

401 2156 516 2233 am
564 2181 912 2248 nostram,
963 2170 1236 2241 etiamsi
1287 2170 1509 2263 stylus
1572 2170 1723 2254 ipse
1772 2186 2049 2253 pressus
2122 2165 2497 2235 demissus·

391 2286 543 2352 que
596 2262 854 2346 fuerit,
905 2284 1278 2355 propterea
1317 2266 1514 2353 quod
1552 2264 1918 2355 cogimur,
1964 2287 2186 2352 quum
2216 2267 2308 2334 de
2338 2287 2495 2331 mu·
2580 2258 2587 2263 ’

299 2398 318 2409 ·
397 2366 760 2431 nificentia
811 2370 1185 2451 parentum
1235 2380 1683 2443 nostrorum,
1732 2378 1886 2429 tum
1940 2364 2031 2429 de
2084 2378 2315 2431 nostra
2356 2364 2497 2429 dis-

399 2479 675 2549 putare.
775 2470 1058 2559 Anceps
1121 2468 1240 2534 hic
1290 2477 1361 2531 et
1440 2463 1761 2529 lubricus
1826 2463 2031 2528 locus
2076 2475 2221 2540 est,
2289 2464 2537 2529 etiams

405 2580 628 2643 quum
675 2552 790 2622 illi
841 2564 1214 2627 necessitas
1283 2562 1753 2628 lenocinatur.
1850 2560 2137 2626 Etenim
2202 2562 2263 2650 si
2326 2561 2495 2625 alie·

229 2696 236 2706 ·
321 2736 327 2743 ,
401 2676 538 2722 nae
589 2677 878 2743 quoque
944 2659 1194 2725 laudes
1271 2679 1525 2747 parum
1588 2659 1834 2747 aequis
1908 2659 2197 2725 auribus
2270 2656 2497 2741 accipi

405 2754 674 2835 solent,
759 2776 970 2843 quam
1039 2757 1340 2823 difficile
1409 2770 1515 2826 est
1592 2758 1914 2825 obtinere
1946 2804 1969 2838 ,
2038 2777 2130 2822 ne
2202 2756 2493 2821 molesta

403 2854 722 2921 videatur
771 2856 992 2923 oratio
1046 2856 1136 2921 de
1183 2878 1258 2923 se
1304 2872 1425 2924 aut
1474 2855 1565 2923 de
1612 2858 1754 2925 suis
1800 2855 2259 2925 disserentis?
2308 2851 2493 2919 Nam
