2825 4642
1346 14 1374 44 ἱ

1111 249 1211 268 --·
1325 219 1459 288 ·50
1611 249 1707 266 --
1796 187 1855 303 ,’

353 411 786 502 probassem.
887 401 1142 490 Neque
1193 399 1389 469 enim
1439 379 2067 488 defendebantur,v
2116 415 2477 496 nat-nega·
2576 435 2589 442 ·

233 513 244 524 ‘
343 523 547 589 rent,
599 507 724 574 sed
791 513 874 595 ut
929 505 1328 576 necessitati
1395 505 1677 570 veniam
1720 516 2249 598 precarentur·
2324 527 2479 572 esse

349 612 544 678 enim
591 627 668 672 se
717 604 1236 692 provinciales,
1290 616 1358 668 et
1393 604 1495 668 ad
1527 627 1735 670 omne
1786 603 2303 701 proconsulum
2350 607 2479 670 im·

317 705 626 798 'perium
661 717 858 770 metu
921 706 1102 793 cogi.
1207 703 1399 773 Solet
1473 703 1714 768 dicere
1772 703 2114 772 Claudius
2168 703 2486 771 Restitu-

344 828 492 887 tus‚
545 804 672 890 qui
720 805 896 867 mihi
943 805 1350 892 respondit,
1401 802 1509 866 vir
1555 803 1972 870 exercitatus
2016 820 2086 868 et
2138 805 2479 894 vigilam,

344 923 416 976 et
453 901 849 990 quamlibet
896 903 1144 969 subitis
1194 913 1519 988 paratus,
1573 925 1965 987 numquam
2016 904 2154 970 sibi
2204 917 2480 970 tantum

297 995 300 1003 ¹
341 1003 694 1093 caliginis,
737 1007 1012 1068 tantum
1039 1000 1593 1089 perturbationis
1638 1001 2199 1090 offusum,quam
2254 1028 2478 1088 quum

307 1129 429 1174 *ea
516 1115 898 1202 praerepta
969 1113 1038 1164 et
1112 1113 1380 1166 extorta
1470 1101 1881 1174 defensioni
1960 1125 2129 1168 suae
2224 1125 2473 1170 cerne·

347 1217 495 1284 ret,
549 1206 626 1266 in
679 1199 938 1285 quibus
979 1222 1264 1265 omnem
1315 1200 1649 1266 fiduciam
1714 1202 2131 1288 reponebat.
2236 1203 2477 1268 Consi-

344 1305 433 1370 lii
463 1302 692 1368 nostri
729 1299 953 1367 exitus
1001 1299 1180 1364 fuit·
1231 1301 1437 1366 bona
1459 1300 1790 1379 Classici,
1864 1322 2050 1386 quae
2124 1303 2481 1370 habuisset

350 1398 990 1485 ante’provineiam
1022 1444 1042 1478 ,
1081 1399 1362 1484 placuit
1415 1399 1689 1464 senatui
1742 1399 1780 1464 τι
1848 1400 2152 1486 reliquis
2200 1422 2480 1486 separa·

349 1502 441 1580 ri,
493 1501 618 1566 ina
647 1497 862 1576 filiae,
892 1499 1068 1564 haec
1103 1499 1417 1583 spoliatis
1446 1487 1809 1582 relinqui.
1832 1489 2175 1564 Additum
2226 1515 2349 1578 est,
2398 1511 2479 1563 ut

349 1599 743 1690 pecuniae,
797 1619 970 1681 quas
1015 1597 1485 1682 creditoribus
1545 1595 1884 1678 solverat,
1949 1613 2468 1682 revocarentur.
2520 1671 2533 1680 ‚

356 1699 712 1785 Hispanus
759 1711 828 1760 et
867 1694 1190 1760 Probus
1172 1717 1255 1760 m
1300 1697 1881 1778 quinquennium
1917 1695 2237 1786 relegati.
2268 1699 2475 1762 Adeo

359 1819 567 1890 grave
602 1794 824 1860 visum
879 1808 1029 1874 est,
1081 1796 1275 1877 quod
1336 1794 1543 1857 initio
1607 1793 2099 1876 dubitabatur,
2174 1822 2265 1862 an
2334 1819 2482 1860 om·

359 1898 537 1976 nino
579 1878 854 1960 crimen
921 1907 1122 1960 esset.
1223 1891 1384 1968 Post
1430 1913 1698 1978 paucos
1752 1893 1902 1958 dies
1971 1893 2289 1962 Clavium
2346 1898 2484 1960 Fu·

362 2015 588 2073 scum,
641 1991 930 2058 Classici
983 2013 1352 2082 generum,
1407 2007 1476 2057 et
1515 1988 1893 2056 Stilonium
1922 1989 2287 2070 Priscum,
2360 1993 2490 2077 qui

360 2093 692 2168 tribunus
739 2093 1076 2159 cohortis
1092 2093 1223 2159 sub
1283 2092 1588 2159 Classico
1638 2091 1905 2169 suerat,
1959 2093 2487 2173 adcusavimus‚

367 2187 636 2280 dispari
681 2208 961 2257 eventu.
1062 2187 1302 2258 Prisco
1357 2194 1439 2258 in
1504 2188 1885 2255 biennium
1940 2191 2133 2259 ltalia
2183 2189 2487 2256 interdi-

317 2333 324 2340 ·
377 2309 610 2360 ctum:
662 2291 1022 2361 absolutus
1051 2279 1358 2361 Fuscus.
1443 2290 1748 2359 Actione
1798 2289 1999 2356 tentia
2063 2291 2480 2363 commodis-
