2825 4642
1127 272 1226 299 *-
1375 254 1517 319 322
1666 268 1766 315 ³.-

257 464 266 477 ·
377 434 744 523 pidatione
789 434 988 521 ignes
1035 431 1323 505 relictos
1359 432 1813 519 desertasque
1850 432 2053 499 villas
2080 452 2211 518 per
2239 432 2491 497 solitu-

381 538 624 601 dinem
677 524 968 611 arder'e‚
1013 534 1088 597 in
1123 533 1523 598 remedium
1578 528 2040 611 formidinis'‚
2098 530 2491 599 dictitabat.

375 628 568 699 Tum
617 652 690 699 se
739 633 964 715 quieti
1017 632 1254 707 dedit,
1309 646 1378 696 et
1422 632 1727 717 quievit,
1778 630 2141 697 verissimo
2196 631 2497 721 quidem

384 754 654 799 somno.
759 727 938 798 Nam
987 744 1256 797 meatus
1309 732 1623 823 animae,
1676 731 1803 815 qui
1850 730 1963 795 illi
2012 742 2307 817 propter
2351 752 2497 797 am·-

377 830 811 919 plit'udincm
865 830 1182 915 corporis
1249 824 1524 928 gravior
1570 842 1640 895 et
1706 830 2065 895 sonantior
2124 841 2275 895 erat
2312 874 2335 908 ‚
2406 832 2497 895 ab

374 924 506 1005 iis,
553 930 673 1013 qui
702 930 950 995 ,limini
989 930 1575 1011 obversabantur,
1619 928 2059 995 audiebatur.
2114 928 2253 993 Sed
2308 951 2493 1009 area,

380 1050 466 1093 ex
519 1050 656 1113 qua
721 1029 950 1093 diaeta
1013 1028 1380 1107 adibatur,
1430 1032 1532 1093 ita
1578 1030 1721 1109 iam
1764 1024 2065 1123 cinere,
2114 1026 2495 1118 mixtisque

374 1127 784 1215 pumicibus
838 1126 1119 1213 oppleta
1167 1140 1607 1204 surrexerat,
1662 1139 1782 1207 ut,
1834 1128 1894 1193 si
1925 1126 2211 1219 longior
2260 1127 2337 1191 in
2358 1140 2495 1192 ‘cu-

375 1224 623 1290 biculo
669 1248 906 1303 mora,
961 1225 1180 1291 exitus
1233 1237 1635 1313 negaretur.
1680 1224 2039 1291 Excitatus
2090 1225 2425 1311 procedit
2468 1271 2493 1305 ,

379 1345 602 1407 seque
631 1324 1178 1417 'Pomponianm
1231 1325 1633 1409 ‘ceterisque
1663 1370 1683 1403 ‚
1738 1320 1861 1410 qui
1912 1323 2417 1413 pervigilarant
2464 1377 2493 1415 ‚

381 1422 648 1493 reddit.
761 1423 844 1487 ln
886 1442 1264 1487 commuue
1311 1422 1751 1505 consultant,
1800 1424 1981 1489 intra
2034 1435 2219 1488 tecta
2272 1422 2493 1489 subsi-
2592 1490 2599 1497 ,

377 1534 604 1601 stant,
655 1543 748 1586 an
795 1521 875 1587 in
909 1534 1152 1608 aperto
1197 1533 1560 1611 vagentur.
1612 1519 1790 1587 Nam
1842 1520 2111 1587 crebris
2149 1522 2490 1609 vastisque

375 1620 802 1689 tremoribus
851 1634 1036 1687 tecta
1089 1620 1432 1689 nutabant
1471 1665 1491 1699 ,
1546 1633 1614 1684 et
1666 1618 1866 1705 quasi
1924 1630 2153 1687 emota
2206 1622 2493 1688 aedibus

381 1720 560 1799 suia,
613 1740 810 1784 nunc
853 1722 1038 1795 huc,
1085 1740 1278 1785 nunc
1329 1719 1509 1784 illuc
1551 1718 1747 1783 abire
1810 1734 1929 1785 aut
1978 1719 2241 1807 referri
2299 1719 2493 1789 vide-³

381 1816 660 1883 bantur.
769 1814 911 1882 Sub
966 1816 1087 1883 dio
1117 1838 1400 1903 rursus,
1456 1836 1885 1905 quamquam
1916 1818 2203 1885 ·levium
2254 1840 2493 1885 exeso-

383 1936 690 1999 rumque
719 1960 741 1998 ,
793 1914 1162 2001 pumicum
1195 1938 1392 1983 casus
1440 1916 1909 2003 metuebatur.
2014 1917 2221 1997 Quod
2255 1932 2495 1985 tamen

379 2013 876 2101 periculorum
927 2012 1218 2081 collatio
1275 2015 1533 2103 elegit3
1568 2028 1659 2097 ‚et
1710 2016 1901 2103 apud
1950 2016 2157 2081 illum
2196 2018 2489 2100 quidem

381 2112 565 2177 ratio
617 2116 987 2193 rationem,
1039 2113 1232 2201 apud
1265 2113 1441 2180 alios
1477 2116 1805 2183 timorem
1844 2116 2054 2203 timor
2092 2113 2271 2181 vicit.
2320 2113 2485 2179 Cer·

383 2210 633 2277 ricalia
688 2212 1034 2297 capitibus
1089 2212 1419 2299 imposita
1486 2212 1726 2281 linteis
1800 2214 2312 2303 constringunt.
2402 2214 2483 2279 ld

383 2311 908 2380 munimentum
960 2312 1286 2377 adversus
1331 2312 1733 2378 decidentia
1776 2313 1933 2377 fuit.
1970 2314 2124 2389 Jam
2178 2314 2327 2377 dies
2361 2312 2486 2377 ali-

383 2406 494 2489 bi,
545 2410 702 2476 illic
741 2430 879 2477 nox
916 2410 1242 2479 omnibun
1285 2410 1616 2479 noctibus
1666 2412 1941 2499 nigrior
1986 2412 2416 2501 densiorque
2471 2458 2493 2494 ,
