2825 4642
1118 297 1215 312 —
1366 263 1510 332 286
1609 219 1754 312 ’-

411 467 947 530 nonnumquam
1002 467 1167 512 eum
1218 468 1589 532 quaerere.
1691 441 1864 510 Nam
1917 453 2292 529 postquam
2341 437 2544 520 obiit,

406 547 579 628 ille,
632 545 983 609 increbuit
1016 547 1275 648 passim
1328 561 1397 612 et
1435 545 1734 610 invaluit
1765 539 2260 617 consuetudo,
2312 537 2520 606 binas

410 644 530 712 vel
560 643 869 733 singulas
912 623 1350 732 clepsydras,
1398 642 1764 722 interdum
1817 643 2027 706 etiam
2065 636 2419 716 dimidias,
2449 651 2522 704 et

411 741 633 808 dandi
683 755 753 808 et
786 745 1101 828 petendi.
1202 743 1381 809 Nam
1431 759 1506 810 et
1537 743 1661 828 qui
1725 742 2018 819 dicunt,
2077 738 2308 826 egisse
2373 759 2524 802 ma·

410 843 577 908 tunt
622 855 831 928 quam
871 861 1121 930 agere:
1168 857 1237 909 et
1275 844 1401 927 qui
1441 843 1782 919 audiunt,
1825 839 2032 903 finire
2083 857 2301 921 quam
2329 837 2518 915 judi-

416 959 603 1008 cate.
656 939 883 1006 Tanta
942 941 1422 1030 negligentia,
1470 953 1660 1008 tanta
1711 939 2030 1016 desidia,
2079 948 2270 1002 tanta
2321 932 2522 1016 deni-

415 1058 561 1125 que
612 1039 1071 1108 irreverentia
1106 1043 1500 1106 studiorum
1525 1039 2158 1128 periculorumque
2197 1047 2323 1100 est.
2403 1038 2522 1099 An

414 1159 547 1203 nos
580 1139 1039 1224 sapientiores
1071 1140 1454 1220 majoribus
1493 1141 1747 1206 nostris
1771 1148 1804 1202 ²?
1861 1159 1990 1204 nos
2033 1131 2312 1222 legibus
2353 1133 2526 1218 ipsis

416 1236 791 1319 justiores,
834 1258 1024 1320 ,quae
1070 1249 1171 1302 tot
1200 1241 1447 1322 horas,
1497 1253 1602 1302 tot
1640 1239 1830 1318 dies,
1869 1249 1970 1300 tot
2021 1233 2525 1314 comperendi-

420 1335 751 1400 nationes
820 1336 1271 1423 largiuntur?
1338 1337 1630 1418 hebetes
1671 1337 1786 1400 illi
1849 1351 1918 1401 et
1965 1356 2175 1420 supra
2229 1331 2523 1395 modum

402 1433 662 1500 -tardi'e
710 1431 851 1498 Nos
884 1436 1189 1520 apertius
1224 1435 1567 1517 dicimus,
1636 1435 1939 1506 celerius
2007 1432 2522 1518 intelligimus,

423 1532 831 1618 religiosius
892 1533 1332 1616 judicamus,
1400 1535 1522 1620 qui
1599 1535 2054 1620 paucioribus
2131 1529 2523 1616 clepsydris

424 1631 971 1720 praecipitamus
1005 1654 1282 1723 causas,
1350 1657 1568 1719 quam
1631 1635 1884 1700 diebus
1927 1629 2268 1717 explicari
2341 1629 2526 1693 sole·

424 1729 647 1794 bant?
752 1731 812 1794 O
848 1726 1157 1816 Regule,
1212 1731 1335 1816 qui
1382 1733 1771 1798 ambitione
1825 1733 1911 1797 ab
1965 1731 2294 1796 omnibus
2349 1725 2526 1790 obti-

428 1827 694 1918 nebat,
777 1829 969 1911 quod
1022 1831 1190 1894 fidei
1253 1832 1658 1916 paucissimi
1725 1833 2112 1918 praestant!
2175 1827 2526 1912 Equidem

432 1925 713 2012 quoties
748 1925 1030 2010 judico,
1056 1931 1295 2014 aquod
1333 1931 1448 1996 vel
1487 1927 1766 2016 saepius
1811 1933 2026 2006 facio,
2081 1947 2290 2012 quam
2337 1923 2526 2000 dico,-

435 2038 780 2110 quantum
816 2027 979 2110 quis
1026 2029 1411 2114 plurimum
1469 2033 1782 2116 postulat
1830 2049 2094 2116 aquae,
2151 2027 2262 2093 dn.
2359 2023 2526 2084 Ete-

430 2125 583 2190 nim
624 2121 1077 2192 temerarium
1124 2129 1482 2208 existimo,
1537 2131 1902 2213 divinare,
1961 2148 2174 2214 quam
2226 2119 2526 2206 spatiosa

435 2225 523 2292 sit
558 2243 759 2290 causa
800 2226 1154 2306 inaudita,
1208 2241 1632 2314 tempusque
1687 2230 1972 2319 negotio
2027 2225 2272 2298 finire,-
2324 2221 2526 2296 cuius

434 2323 725 2390 modum
782 2325 1099 2412 ignores.
1143 2329 1554 2412 praesertim
1603 2351 1825 2413 quum
1865 2327 2163 2413 primam
2202 2309 2538 2407 religioni

438 2443 607 2490 suae
634 2423 857 2502 iudex
886 2425 1299 2509 patientiam
1330 2426 1629 2504 debeat,
1687 2448 1867 2512 quae
1917 2445 2077 2510 pars
2129 2440 2382 2510 magna
2427 2419 2540 2498 iu·

440 2521 670 2612 stitiae
725 2534 849 2587 est.
885 2528 976 2587 At
1008 2526 1352 2608 quaedam
1406 2547 1832 2612 supervacua
1885 2522 2242 2588 dicuntur.
2285 2518 2536 2583 Etiam=

445 2621 575 2688 ced
610 2621 817 2684 satius
864 2635 965 2686 est
1002 2635 1072 2687 et
1106 2627 1280 2689 haec
1320 2625 1505 2704 dici,
1573 2649 1784 2710 quam
1817 2646 1962 2686 non
2015 2613 2160 2712 dici
2217 2635 2536 2684 necessa·

440 2720 571 2790 ria.
676 2717 1076 2801 Praeterea,
1130 2746 1215 2788 an
1258 2723 1395 2788 sint
1434 2745 1898 2808 supervacua,
1957 2721 2097 2786 nisi
2159 2729 2384 2802 quum
2419 2726 2540 2777 au·

443 2817 708 2896 dieris,
764 2821 943 2884 scire
995 2845 1134 2886 non
1168 2827 1411 2908 possis.
1480 2825 1614 2888 Sed
1664 2826 1752 2886 de
1807 2824 1914 2887 his
1959 2821 2215 2886 melius
2265 2835 2538 2889 coram,

444 2931 525 2981 ut
557 2919 645 2979 de
672 2917 995 3000 pluribus
1046 2925 1227 2988 vitiis
1264 2923 1579 2988 civitatis,
1676 2921 1848 2987 Nam
1901 2935 1978 2984 tu
2023 2935 2314 3006 quoque
2351 2933 2539 2978 amo·

446 3037 529 3082 re
598 3015 1079 3084 communium
1130 3023 1311 3087 soles
1366 3023 1726 3086 emendari
1777 3040 2080 3136 cupere,
2152 3034 2336 3102 quae
2397 3029 2540 3090 1³¹⁸

456 3117 814 3208 corrigere
848 3121 1147 3187 difficile
1182 3135 1307 3192 est.
1404 3118 1615 3188 Nunc
1645 3119 2102 3210 respiciamus
2121 3117 2366 3187 domos
2381 3127 2542 3176 nos·
