2825 4642
1108 258 1292 293 -···-³-
1443 234 1587 315 336
1730 264 1831 291 -·-

459 408 688 507 nuno*
721 438 936 508 poseo
993 420 1260 489 librum
1309 420 1459 487 Titi
1510 418 1689 487 Livii
1730 461 1750 501 ‚
1806 430 1877 487 et
1926 410 2129 507 quasi
2176 438 2308 505 per
2358 408 2601 489 otium

457 522 625 611 lego
661 566 682 600 ,
735 532 946 605 atque
1005 523 1254 601 etiam,
1305 534 1386 585 ut
1436 539 1851 607 coeperam,
1903 540 2233 605 excerpo.
2334 521 2591 615 Eece²

459 621 726 686 amicus
760 620 1139 701 avunculi,
1177 620 1304 705 qui
1335 640 1567 707 nuper
1612 618 1703 683 ad
1738 639 1903 683 eum
1957 640 2041 683 ex
2068 616 2405 704 Hispania
2460 620 2589 686 νβ’-Ξ

465 728 710 797 uerat,
761 729 842 781 ut
897 738 1015 783 me
1069 734 1140 783 et
1187 724 1488 783 matrem
1536 716 1900 796 sedentes,
1962 734 2079 781 me
2130 739 2297 781 vero
2362 718 2591 784 etiam

458 817 823 903 legentem
875 816 1090 897 videt,
1141 814 1338 881 iilius
1369 814 1821 900 patientiam,
1860 814 2311 883 securitatem
2346 834 2589 882 meam

463 912 794 999 corripit:
825 915 1058 1001 nibilo
1112 915 1395 1004 segnius
1434 934 1566 1001 ego
1618 914 1930 979 intentus
1978 913 2055 977 in
2082 912 2373 980 librum.
2425 914 2593 981 Jam

443 1014 633 1092 ,hora
685 1010 836 1076 diei
881 1013 1152 1105 prima,
1207 1025 1279 1076 et
1335 1014 1570 1077 adbuc
1622 1010 1879 1077 dubius
1938 1022 2007 1075 et
2058 1012 2257 1095 quasi
2308 1014 2597 1101 langui-

461 1110 598 1197 dus
667 1109 878 1187 dies3
945 1113 1088 1189 jam
1151 1112 1493 1197 quassatis
1566 1109 2236 1190 circumiacentibus
2314 1111 2516 1177 tectis
2558 1154 2587 1190 ,

413 1281 418 1290 ,
465 1229 892 1296 quamquam
931 1206 1008 1273 in
1049 1210 1292 1295 aperto
1344 1209 1555 1287 loco,
1614 1222 1908 1299 angusto
1962 1222 2234 1287 tamen,
2288 1231 2589 1300 magnus

471 1321 540 1372 et
595 1320 822 1372 certus
873 1308 1122 1374 ruinae
1173 1318 1427 1373 metus.
1502 1306 1693 1371 Tum
1730 1308 2018 1371 demum
2054 1306 2403 1373 excedere
2452 1332 2579 1395 op-

459 1403 637 1493 pido
679 1406 924 1471 visum.
978 1403 1311 1491 Sequitur
1360 1394 1613 1495 vulgus
1650 1406 2045 1483 attonitum,
2100 1406 2441 1491 quodque
2494 1406 2593 1471 in·

461 1516 732 1591 pavore
795 1502 1029 1569 simile
1089 1505 1517 1589 prudentiae
1560 1549 1581 1583 ‚
1652 1485 2402 1571 alienquonsilium
2451 1525 2585 1571 suo

462 1600 822 1691 praefert,
871 1602 1289 1691 ingentique
1321 1599 1606 1693 agmine
1640 1602 1980 1669 abeuntes
2030 1596 2293 1689 premit
2345 1606 2414 1668 et'
2450 1604 2581 1669 im-

460 1702 696 1789 pellita
745 1700 1026 1787 Egressi
1061 1714 1244 1768 tecta
1278 1700 1745 1783 consistimus.
1796 1702 2024 1767 Multa
2060 1701 2165 1765 ibi
2216 1700 2561 1781 miranda,

302 1778 340 1845 ”-
463 1802 721 1865 multas
755 1797 1174 1867 formidines
1207 1801 1539 1886 patimur.
1598 1798 1773 1865 Nam
1808 1800 2159 1880 vehicula,
2196 1817 2381 1886 quae·
2420 1816 2579 1889 pro·

466 1898 639 1961 duci
683 1897 1146 1977 jusseramu8‚
1197 1920 1627 1985 quamquam
1684 1900 1763 1963 in
1804 1898 2219 1985 planissimo
2264 1919 2517 1987 eampo
2556 1942 2577 1979 ,

465 1996 548 2061 in
595 1996 976 2062 contrarias
1027 2008 1256 2081 partes
1289 1996 1717 2091 agebantur,
1767 2019 1847 2063 ac
1882 2018 1975 2061 ne
2010 1998 2363 2083 lapidibus
2406 1998 2570 2082 qui·

465 2094 633 2159 dem
672 2092 888 2174 fulta,
928 2095 1004 2160 in
1038 2096 1294 2161 eodem
1325 2097 1623 2186 vestigio
1661 2096 2149 2182 quiescebant.
2196 2092 2563 2165 Praeterea

463 2213 662 2259 mare
713 2192 792 2257 in
843 2215 918 2260 se
965 2196 1356 2277 resorberi,
1409 2209 1480 2260 et
1532 2210 1839 2261 tremore
1890 2209 2119 2269 terrae
2197 2191 2383 2281 quasi
2448 2215 2573 2261 re·-

393 2302 398 2305 '
463 2292 650 2381 pelli
696 2293 1086 2359 videbatur.
1191 2293 1396 2359 Certe
1444 2306 1881 2380 processerat
1939 2296 2154 2374 litus,
2208 2294 2573 2380 multaque

469 2384 802 2457 animalia
853 2394 1061 2459 maris
1103 2390 1310 2459 siccis
1356 2396 1586 2459 arenis
1622 2392 1985 2459 detinebat
2052 2392 2165 2461 Ab
2220 2394 2444 2459 altero
2474 2394 2583 2460 la·

447 2482 622 2555 'tere
657 2485 880 2557 nubes
931 2506 1075 2557 atra
1111 2506 1181 2557 et
1213 2494 1610 2573 horrenda,
1661 2492 1856 2583 ignei
1894 2492 2177 2579 spiritus
2234 2493 2434 2557 tortis
2483 2493 2587 2557 vi-

470 2590 834 2673 bratisque
903 2590 1336 2657 discursibus
1386 2606 1589 2677 rupta
1624 2638 1645 2672 ,
1717 2593 1792 2657 in
1843 2593 2087 2677 longas
2140 2590 2583 2658 flammarum

469 2688 730 2777 figuras
747 2686 1152 2757 dehiscebat
1177 2680 1616 2781 :fulgoribus
1641 2691 1811 2759 illae
1835 2702 1918 2759 et·
1946 2692 2213 2761 similes
2250 2699 2323 2758 et
2356 2694 2577 2775 majo-
