2825 4642
1059 275 1148 290 -—-
1303 190 1445 318 '164
1610 277 1715 294 —-

313 441 500 503 forte
555 436 645 498 de
695 427 906 494 bonis
953 416 1328 506 iuvenibus
1365 425 1557 510 apud
1590 421 1892 489 Nervam
1926 413 2435 510 imperatorem

311 555 540 606 nermo
591 525 1001 603 incidisset,
1047 537 1116 587 et
1179 523 1513 610 plerique
1564 529 1679 586 me
1722 520 2075 588 laudibus
2108 520 2383 589 ferrent
2415 573 2473 616 ,-

308 633 703 724 paullisper
749 647 822 694 se
863 627 1045 694 intra
1079 623 1447 688 silentium
1486 623 1769 701 tenuit,
1808 623 2005 710 quod
2042 623 2165 686 illi·
2208 624 2433 710 pluri·

311 755 510 800 mum
561 722 1036 795 auctoritatis
1047 721 1349 788 addebat
1387 747 1408 798 3
1463 722 1729 786 deinde
1783 723 2157 809 gravitate,
2216 745 2431 807 quam

310 853 582 942 noras,
661 825 1063 890 Necesse
1153 834 1330 898 est,
1383 821 1687 906 inquit,
1788 822 2170 904 parcius
2226 825 2473 889 law·

314 936 512 998 dem
523 909 1018 992 'Secundo
1049 943 1166 1009 m,
1238 921 1461 1004 quia
1518 886 1777 986 nihil
1828 922 2015 986 ni'si
2072 945 2182 988 ex
2234 945 2437 990 eou-

307 1055 336 1098 s
357 1033 380 1094 i
401 1030 470 1094 1
448 1051 476 1092 ι
500 1050 544 1091 o
593 1049 664 1090 m
689 1046 728 1088 e
749 1047 788 1086 o
843 1019 926 1084 fa
952 1043 988 1084 o
1009 1019 1032 1080 i
1054 1035 1101 1082 t.
1158 1021 1310 1097 Qua
1353 1040 1524 1084 voce
1562 1019 1810 1085 tribuit
1850 1021 2053 1100 mihi,
2088 1037 2462 1108 quantum·

303 1143 550 1220 petere
608 1137 769 1188 voto
823 1119 1290 1182 immodicum
1343 1130 1534 1182 erat:
1586 1119 1771 1184 nihil
1824 1140 1938 1185 me
1996 1118 2237 1185 faeere
2288 1145 2428 1189 non

303 1219 864 1314 sapientissime,
907 1239 1132 1300 quum
1180 1217 1415 1282 omnia
1458 1239 1542 1285 ex
1584 1217 1885 1284 consilio
1928 1219 2427 1304 sapientissimi

307 1326 438 1392 viri
479 1323 815 1386 facerem.
869 1315 1062 1395 Quin
1108 1317 1354 1380 etiam.
1370 1317 1683 1394 moriens
1720 1317 1907 1382 filiae
1950 1337 2160 1396 suae,
2212 1334 2287 1384 ut
2324 1323 2434 1406 ip-

313 1450 380 1492 sa
433 1421 612 1488 solet
667 1415 1127 1504 praedicare,
1182 1415 1523 1481 multos
1580 1417 1953 1500 quidem
2024 1418 2430 1509 amicos,

309 1519 584 1606 inq-uit,
637 1517 814 1580 tibi
865 1517 962 1578 in
1006 1515 1447 1602 longiore
1517 1515 1710 1581 vita
1764 1511 2131 1612 paravi,
2180 1536 2336 1602 pra
2364 1539 2464 1602 e·-⁸

315 1621 645 1704 cipuos
723 1630 1064 1690 tamen,
1132 1611 1664 1682 Secundum
1736 1629 1829 1679 et
1894 1613 2431 1680 Cornutum
2454 1643 2465 1652 ·

311 1720 524 1800 Quod
599 1718 773 1779 dum
849 1712 1226 1788 recordor,
1277 1713 1607 1802 intelligo
1674 1698 1850 1776 mihi
1922 1713 2385 1781 laborandum
2417 1764 2437 1797 ‚

311 1839 405 1883 ne
439 1839 578 1904 qua
615 1826 816 1928 pOarto
873 1809 1116 1874 videar
1149 1813 1334 1876 hane
1383 1811 1473 1874 de
1504 1832 1619 1874 me
1663 1809 1999 1874 fiduciam
2060 1813 2487 1896 providen-

303 1916 566 1996 tissimi
613 1912 744 1976 viri
779 1909 1206 1975 destituisse.
1263 1907 1498 1988 Quare
1526 1931 1659 2000 ego
1684 1929 1848 1974 vero
1882 1909 2248 1976 Corelliae
2274 1916 2439 1980 ade·

309 2039 396 2083 ro
431 2010 934 2100 promtissime3
985 2029 1120 2074 nee
1159 2008 1400 2077 subire
1455 2011 1753 2083 offensas
1808 2007 2177 2074 recusabo·
2196 2031 2443 2093 quam-

319 2109 534 2201 q‘uam
581 2135 728 2176 non
789 2110 1025 2174 solum
1076 2107 1354 2173 veniam
1405 2131 1559 2191 me,
1612 2128 1859 2176 verum
1908 2110 2121 2174 etiam
2154 2109 2443 2176 laudem

189 2269 210 2277 -
283 2213 508 2300 ‘apud
559 2209 774 2275 istum
831 2209 1096 2298 ipsum,
1151 2230 1188 2272 a
1243 2230 1414 2296 quo,
1448 2222 1527 2274 ut
1564 2209 1705 2302 ais,
1754 2229 1929 2272 nova
1979 2206 2113 2300 lis,
2148 2207 2439 2280 fortasse

313 2324 396 2380 ut
447 2311 758 2376 feminae
781 2355 799 2386 ,
863 2259 1300 2398 intenditur,
1354 2305 1658 2372 arbitror
1712 2323 2261 2374 consecuturum
2294 2355 2315 2388 ,
2380 2310 2439 2378 si

311 2411 490 2478 liaeo
524 2409 777 2473 eadem
833 2407 918 2468 in
972 2407 1316 2485 actione‚·
1343 2405 1553 2475 latius
1618 2405 1895 2472 scilicet
1947 2421 2014 2470 et
2075 2407 2364 2472 uberius
2419 2454 2437 2484 ‚

133 2551 162 2602 0
317 2529 530 2596 quam
586 2505 1060 2592 epistolarum
1096 2507 1458 2596 augustiae
1498 2507 1739 2571 sinunt
1760 2551 1778 2585 ,
1834 2505 2211 2594 contigerit
2261 2507 2433 2569 mihi

323 2610 434 2673 vel
487 2607 563 2670 in
602 2605 1136 2670 excusationem
1169 2649 1189 2686 ,
1227 2605 1337 2669 vel
1373 2607 1584 2672 etiam
1612 2607 1691 2670 in
1745 2599 2460 2694 commendationem&

55 2680 101 2803 ,ι
201 2763 210 2774 .
319 2727 550 2774 meam
593 2705 862 2770 dicere.
925 2706 1126 2768 Vale.
1607 2744 1615 2780 ,
1670 2753 1677 2762 .
