2825 4642
1271 340 1370 371 0-
1524 308 1866 377 60·—

481 492 682 570 finis,
744 511 826 556 re
890 508 1052 557 vera
1125 492 1322 561 finis:
1396 494 1678 562 literam
1736 446 1885 563 uon
1954 495 2249 577 addam,
2319 499 2594 569 etiamsi

479 595 711 660 adhuc
762 590 1041 677 aliquid
1072 596 1489 679 praeterisse
1516 618 1632 662 me
1684 616 1993 665 sensero.
2102 600 2307 669 Vale.
2417 664 2425 671 .

1333 907 1591 985 „X-

481 1048 558 1117 C.
632 1048 1085 1120 PLINIUS
1175 1054 1809 1127 SPURJNNAE
1875 1062 2083 1129 SUO
2150 1064 2290 1133 ET
2357 1068 2597 1135 COG-

1338 1176 1595 1243 ciAE
1650 1180 1719 1253 S.

473 1310 638 1385 Quae
667 1312 738 1364 de
766 1310 1098 1381 Spurinnae
1100 1312 1244 1385 filio
1271 1332 1336 1368 σο
1343 1314 2087 1388 nposuerat,paren1ibus
2116 1319 2313 1373 mittit
2340 1322 2591 1393 legenda

533 1416 594 1459 et
625 1406 1006 1459 emendanda.

673 1530 1165 1619 Composuisse
1219 1554 1332 1595 me
1387 1532 1737 1615 quaedam
1774 1528 1866 1594 de
1916 1531 2067 1597 filio
2118 1546 2382 1611 vestra,
2435 1554 2595 1601 non

466 1629 613 1697 dixi
671 1630 896 1706 vobis,
930 1650 1096 1693 oum
1148 1628 1466 1713 proxime
1502 1630 1691 1717 apud
1740 1650 1859 1694 vos
1898 1630 2043 1694 fui:
2075 1632 2382 1716 primum
2423 1638 2593 1718 qui-

469 1728 672 1807 dem,
753 1727 918 1809 quia
979 1746 1126 1789 non
1177 1726 1344 1791 ideo
1394 1729 1857 1813 scripseram,
1908 1728 2013 1793 ut-⁸
2041 1730 2401 1809 dicerem,
2456 1736 2587 1799 sed

467 1839 549 1888 ut
606 1846 768 1888 meo
801 1824 1098 1901 amori,
1164 1846 1326 1889 meo
1379 1826 1617 1891 dolori
1666 1826 2195 1905 satisfacerem5
2257 1831 2529 1896 deinde
2566 1878 2590 1910 ,

465 1923 634 2011 quia
672 1935 765 2004 te,
812 1920 1206 2009 Spurinna,'
1237 1945 1461 2009 quum
1496 1925 1832 2003 audissen,
1880 1926 2211 1991 recitasse
2262 1950 2423 2007 me,
2468 1932 2585 2017 (ut

407 2020 640 2089 ,mihi
711 2022 864 2108 ipse
916 2022 1196 2109 dixisti)
1259 2025 1437 2109 quid
1492 2024 1893 2091 recitassem
1932 2068 1951 2103 ,
2016 2022 2237 2089 simul
2298 2020 2584 2095 audisse

461 2104 869 2193 credebam.
919 2120 1290 2189 Praeterea
1338 2126 1596 2189 veritus
1640 2146 1834 2209 sum,
1886 2144 1977 2189 ne
2030 2144 2147 2187 vos
2190 2122 2387 2191 festis
2426 2128 2577 2193 dic·

455 2223 590 2291 bus
626 2198 1186 2301 confunderem,
1239 2224 1298 2291 ei
1329 2223 1406 2287 in
1452 2223 1869 2291 memoriam
1910 2224 2294 2310 gravissimi
2329 2225 2573 2298 luctus

453 2323 916 2391 reduxissem.
1013 2314 1222 2389 Nunc
1275 2344 1566 2438 quoque
1616 2321 2010 2421 paullisper
2060 2324 2395 2387 haesitavi
2414 2350 2437 2405 3
2490 2324 2569 2389 id

453 2424 738 2500 solum,
811 2420 1038 2506 quod
1079 2421 1406 2503 recitavi,
1490 2423 1847 2488 mitterem
1914 2422 2359 2509 exigentibus
2441 2445 2565 2489 vo

455 2520 612 2599 bis,
679 2542 770 2587 an
816 2521 1242 2599 adiicerem,
1297 2544 1483 2607 quae
1550 2522 1624 2587 in
1684 2522 1885 2585 aliud
1936 2520 2264 2585 volumen
2328 2522 2604 2611 cogito·

453 2614 1140 2703 reservare-,Neque
1193 2621 1386 2688 enim
1442 2620 1843 2687 adfectibus
1894 2620 2069 2685 meis
2124 2642 2269 2683 uuo
2308 2620 2561 2683 libello

457 2717 880 2782 carissimam
919 2718 1094 2781 mihi
1133 2735 1200 2782 et
1231 2718 1733 2795 sanctissimam
1770 2718 2185 2782 memoriam
2227 2719 2559 2805 prosequi

451 2819 616 2883 satis
660 2831 800 2895 est,
837 2818 1058 2899 ‚cuius
1091 2818 1318 2883 famae
1370 2818 1579 2885 latius
1644 2818 2097 2897 consuletur,
2150 2819 2207 2883 si
2262 2818 2547 2903 dispen-

449 2914 590 2983 s'ata
644 2928 708 2979 et
741 2916 1006 3001 digesta
1039 2916 1279 3005 fucrit.
1333 2922 1601 2983 Verum
1643 2916 2012 2980 haesitanti
2050 2917 2265 2994 mihi,
2292 2916 2551 2996 omnia,

452 3036 636 3103 quae
703 3017 842 3094 iam
906 3015 1310 3099 composui,
1379 3015 1575 3083 vobis
1634 3016 2091 3095 exhiberem,
2164 3032 2252 3079 an
2324 3017 2553 3083 adhuc

451 3116 688 3201 aliqua
724 3114 1150 3208 differrem,
1159 3113 1600 3209 simplicius
1650 3126 1720 3189 et
1764 3113 2057 3179 amicius
2108 3113 2332 3179 visum
2393 3130 2497 3180 est
2534 3160 2556 3195 ,

447 3214 723 3294 omnia,
770 3198 1154 3302 praecipue
1187 3236 1410 3300 quum
1462 3208 1882 3305 adfirmetis,
1914 3212 2097 3279 intra
2130 3234 2247 3277 vos
2290 3212 2549 3295 futura,

431 3318 678 3381 donec
729 3316 1004 3400 placeat
1043 3320 1394 3381 emittere.
1498 3316 1708 3409 Quod
1760 3327 2083 3399 superest
2117 3358 2136 3393 ,
2207 3336 2424 3403 rogo,
2477 3328 2552 3379 ut

445 3415 601 3503 pari
649 3413 1142 3507 simplicitate,
1167 3416 1223 3481 si
1265 3432 1402 3501 qua
1443 3404 1924 3483 existimabitis
1964 3413 2329 3489 addenda,
2364 3436 2550 3477 com-

442 3514 808 3597 mutanda,
849 3514 1259 3597 omittenda,
1293 3514 1645 3587 iudicetis·
1696 3514 1882 3579 Mihi
1918 3511 2219 3579 difficile
2258 3525 2363 3630 est
2384 3516 2551 3579 huc·
