<?xml version="1.0" encoding="UTF-8"?>
<!DOCTYPE html PUBLIC "-//W3C//DTD XHTML 1.0 Transitional//EN"
    "http://www.w3.org/TR/xhtml1/DTD/xhtml1-transitional.dtd">
<html xmlns="http://www.w3.org/1999/xhtml" xml:lang="en" lang="en">
 <head>
  <title>
</title>
<meta http-equiv="Content-Type" content="text/html;charset=utf-8" />
  <meta name='ocr-system' content='tesseract 3.04.00' />
  <meta name='ocr-capabilities' content='ocr_page ocr_carea ocr_par ocr_line ocrx_word'/>
</head>
<body>
  <div class='ocr_page' id='page_1' title='image "./caiipliniicaeci02schgoog_0458.png"; bbox 0 0 2825 4642; ppageno 0'>
   <div class='ocr_carea' id='block_1_1' title="bbox 1104 226 1796 343">
    <p class='ocr_par' dir='ltr' id='par_1_1' title="bbox 1104 226 1796 343">
     <span class='ocr_line' id='line_1_1' title="bbox 1104 226 1796 343; baseline -0.003 -3"><span class='ocrx_word' id='word_1_1' title='bbox 1104 286 1202 317; x_wconf 82' lang='lat'>—·-</span> <span class='ocrx_word' id='word_1_2' title='bbox 1360 226 1496 343; x_wconf 48' lang='lat'>148</span> <span class='ocrx_word' id='word_1_3' title='bbox 1697 286 1796 309; x_wconf 90' lang='lat'>··-</span> 
     </span>
    </p>
   </div>
   <div class='ocr_carea' id='block_1_2' title="bbox 384 448 2529 1831">
    <p class='ocr_par' dir='ltr' id='par_1_2' title="bbox 384 448 2514 1825">
     <span class='ocr_line' id='line_1_2' title="bbox 384 448 2501 547; baseline -0.001 -22"><span class='ocrx_word' id='word_1_4' title='bbox 384 450 714 547; x_wconf 79' lang='lat' dir='ltr'>„publiea</span> <span class='ocrx_word' id='word_1_5' title='bbox 758 451 1027 530; x_wconf 73' lang='lat' dir='ltr'>nostra,</span> <span class='ocrx_word' id='word_1_6' title='bbox 1068 448 1275 537; x_wconf 79' lang='lat' dir='ltr'>quasi.</span> <span class='ocrx_word' id='word_1_7' title='bbox 1305 470 1439 537; x_wconf 82' lang='lat' dir='ltr'>pro</span> <span class='ocrx_word' id='word_1_8' title='bbox 1489 452 1634 515; x_wconf 81' lang='lat' dir='ltr'>fllia</span> <span class='ocrx_word' id='word_1_9' title='bbox 1685 452 1798 514; x_wconf 82' lang='lat' dir='ltr'>vel</span> <span class='ocrx_word' id='word_1_10' title='bbox 1825 464 2166 538; x_wconf 86' lang='lat' dir='ltr'>parente,</span> <span class='ocrx_word' id='word_1_11' title='bbox 2217 456 2501 523; x_wconf 80' lang='lat' dir='ltr'><strong>tertiam</strong></span> 
     </span>
     <span class='ocr_line' id='line_1_3' title="bbox 386 548 2500 644; baseline -0.001 -24"><span class='ocrx_word' id='word_1_12' title='bbox 386 572 700 644; x_wconf 83' lang='lat' dir='ltr'>„partem</span> <span class='ocrx_word' id='word_1_13' title='bbox 756 555 943 633; x_wconf 82' lang='lat' dir='ltr'>ejus,</span> <span class='ocrx_word' id='word_1_14' title='bbox 994 549 1193 637; x_wconf 83' lang='lat' dir='ltr'>quod</span> <span class='ocrx_word' id='word_1_15' title='bbox 1238 550 1575 615; x_wconf 79' lang='lat' dir='ltr'>conferre</span> <span class='ocrx_word' id='word_1_16' title='bbox 1635 550 1832 615; x_wconf 82' lang='lat' dir='ltr'>vobis</span> <span class='ocrx_word' id='word_1_17' title='bbox 1891 548 2248 636; x_wconf 80' lang='lat' dir='ltr'>placebit,</span> <span class='ocrx_word' id='word_1_18' title='bbox 2301 553 2500 624; x_wconf 84' lang='lat' dir='ltr'>dare.</span> 
     </span>
     <span class='ocr_line' id='line_1_4' title="bbox 384 642 2529 745; baseline 0 -24"><span class='ocrx_word' id='word_1_19' title='bbox 384 658 691 745; x_wconf 80' lang='lat' dir='ltr'>„Totum</span> <span class='ocrx_word' id='word_1_20' title='bbox 766 650 974 716; x_wconf 82' lang='lat' dir='ltr'>etiam</span> <span class='ocrx_word' id='word_1_21' title='bbox 1044 647 1438 739; x_wconf 81' lang='lat' dir='ltr'>pollicerer</span> <span class='ocrx_word' id='word_1_22' title='bbox 1471 694 1491 728; x_wconf 93' lang='lat'><strong>,</strong></span> <span class='ocrx_word' id='word_1_23' title='bbox 1555 648 1695 713; x_wconf 82' lang='lat' dir='ltr'>nisi</span> <span class='ocrx_word' id='word_1_24' title='bbox 1759 649 2128 739; x_wconf 72' lang='lat' dir='ltr'>timerem,</span> <span class='ocrx_word' id='word_1_25' title='bbox 2193 672 2286 714; x_wconf 86' lang='lat' dir='ltr'>ne</span> <span class='ocrx_word' id='word_1_26' title='bbox 2357 642 2529 721; x_wconf 78' lang='lat' dir='ltr'>hoo&#39;</span> 
     </span>
     <span class='ocr_line' id='line_1_5' title="bbox 385 746 2502 837; baseline -0.002 -15.962"><span class='ocrx_word' id='word_1_27' title='bbox 385 772 685 837; x_wconf 85' lang='lat' dir='ltr'>„munus</span> <span class='ocrx_word' id='word_1_28' title='bbox 734 769 976 815; x_wconf 89' lang='lat' dir='ltr'>meum</span> <span class='ocrx_word' id='word_1_29' title='bbox 1042 746 1482 833; x_wconf 80' lang='lat' dir='ltr'>quandoque</span> <span class='ocrx_word' id='word_1_30' title='bbox 1533 746 1802 813; x_wconf 85' lang='lat' dir='ltr'>ambitu</span> <span class='ocrx_word' id='word_1_31' title='bbox 1859 764 2441 833; x_wconf 75' lang='grc' dir='ltr'><strong>οοιιιιιιιρειοωι</strong></span> <span class='ocrx_word' id='word_1_32' title='bbox 2481 797 2502 835; x_wconf 86' lang='grc'><strong>,</strong></span> 
     </span>
     <span class='ocr_line' id='line_1_6' title="bbox 388 843 2504 937; baseline -0.001 -18"><span class='ocrx_word' id='word_1_33' title='bbox 388 870 509 937; x_wconf 83' lang='lat' dir='ltr'>„ut</span> <span class='ocrx_word' id='word_1_34' title='bbox 542 851 869 917; x_wconf 84' lang='lat' dir='ltr'>accidere</span> <span class='ocrx_word' id='word_1_35' title='bbox 912 848 1152 913; x_wconf 82' lang='lat' dir='ltr'>multis</span> <span class='ocrx_word' id='word_1_36' title='bbox 1204 843 1281 911; x_wconf 90' lang='lat' dir='ltr'>in</span> <span class='ocrx_word' id='word_1_37' title='bbox 1330 846 1508 911; x_wconf 77' lang='lat' dir='ltr'>locis</span> <span class='ocrx_word' id='word_1_38' title='bbox 1563 846 1816 927; x_wconf 51' lang='lat' dir='ltr'>video,</span> <span class='ocrx_word' id='word_1_39' title='bbox 1864 848 1942 911; x_wconf 83' lang='lat' dir='ltr'>in</span> <span class='ocrx_word' id='word_1_40' title='bbox 1995 846 2255 931; x_wconf 79' lang='lat' dir='ltr'>quibus</span> <span class='ocrx_word' id='word_1_41' title='bbox 2300 872 2504 937; x_wconf 84' lang='lat' dir='ltr'>prae·</span> 
     </span>
     <span class='ocr_line' id='line_1_7' title="bbox 388 944 2507 1038; baseline -0.002 -19"><span class='ocrx_word' id='word_1_42' title='bbox 388 960 751 1038; x_wconf 75' lang='lat' dir='ltr'>„ceptores</span> <span class='ocrx_word' id='word_1_43' title='bbox 800 944 1095 1036; x_wconf 84' lang='lat' dir='ltr'>publice</span> <span class='ocrx_word' id='word_1_44' title='bbox 1134 944 1660 1011; x_wconf 83' lang='lat' dir='ltr'>conducuntur.</span> <span class='ocrx_word' id='word_1_45' title='bbox 1737 946 1922 1010; x_wconf 85' lang='lat' dir='ltr'><strong>Huic</strong></span> <span class='ocrx_word' id='word_1_46' title='bbox 1973 946 2142 1009; x_wconf 75' lang='lat' dir='ltr'>vitio</span> <span class='ocrx_word' id='word_1_47' title='bbox 2196 960 2342 1013; x_wconf 82' lang='lat' dir='ltr'>uno</span> <span class='ocrx_word' id='word_1_48' title='bbox 2393 970 2507 1013; x_wconf 84' lang='lat' dir='ltr'>re-</span> 
     </span>
     <span class='ocr_line' id='line_1_8' title="bbox 386 1042 2506 1136; baseline -0.002 -20"><span class='ocrx_word' id='word_1_49' title='bbox 386 1047 671 1136; x_wconf 77' lang='lat' dir='ltr'>„medio</span> <span class='ocrx_word' id='word_1_50' title='bbox 738 1042 1023 1113; x_wconf 75' lang='lat' dir='ltr'>occurri</span> <span class='ocrx_word' id='word_1_51' title='bbox 1084 1056 1353 1132; x_wconf 83' lang='lat' dir='ltr'>potest,</span> <span class='ocrx_word' id='word_1_52' title='bbox 1423 1044 1478 1107; x_wconf 93' lang='lat' dir='ltr'>si</span> <span class='ocrx_word' id='word_1_53' title='bbox 1528 1044 1940 1129; x_wconf 86' lang='lat' dir='ltr'>parentibus</span> <span class='ocrx_word' id='word_1_54' title='bbox 1981 1046 2148 1112; x_wconf 86' lang='lat' dir='ltr'>solis</span> <span class='ocrx_word' id='word_1_55' title='bbox 2183 1067 2297 1126; x_wconf 84' lang='lat' dir='ltr'>Jus</span> <span class='ocrx_word' id='word_1_56' title='bbox 2333 1067 2506 1117; x_wconf 80' lang='lat' dir='ltr'>cou-</span> 
     </span>
     <span class='ocr_line' id='line_1_9' title="bbox 386 1144 2514 1235; baseline 0 -22"><span class='ocrx_word' id='word_1_57' title='bbox 386 1146 747 1235; x_wconf 79' lang='lat' dir='ltr'>„ducendi</span> <span class='ocrx_word' id='word_1_58' title='bbox 788 1146 1276 1231; x_wconf 80' lang='lat' dir='ltr'><strong>relinquatur,</strong></span> <span class='ocrx_word' id='word_1_59' title='bbox 1326 1144 1726 1231; x_wconf 81' lang='lat' dir='ltr'>iisdemque</span> <span class='ocrx_word' id='word_1_60' title='bbox 1764 1144 2022 1235; x_wconf 84' lang='lat' dir='ltr'>religio</span> <span class='ocrx_word' id='word_1_61' title='bbox 2069 1160 2262 1211; x_wconf 84' lang='lat' dir='ltr'>recte</span> <span class='ocrx_word' id='word_1_62' title='bbox 2319 1149 2514 1227; x_wconf 85' lang='lat' dir='ltr'>judi·</span> 
     </span>
     <span class='ocr_line' id='line_1_10' title="bbox 390 1241 2509 1337; baseline -0.001 -22"><span class='ocrx_word' id='word_1_63' title='bbox 390 1250 647 1337; x_wconf 80' lang='lat' dir='ltr'>„eau&#39;di</span> <span class='ocrx_word' id='word_1_64' title='bbox 681 1246 1095 1311; x_wconf 75' lang='lat' dir='ltr'>necessitate</span> <span class='ocrx_word' id='word_1_65' title='bbox 1132 1242 1536 1309; x_wconf 80' lang='lat' dir='ltr'>collationis</span> <span class='ocrx_word' id='word_1_66' title='bbox 1577 1244 1899 1309; x_wconf 81' lang='lat' dir='ltr'><strong>addatur.</strong></span> <span class='ocrx_word' id='word_1_67' title='bbox 1951 1241 2131 1309; x_wconf 85' lang='lat' dir='ltr'>Nam</span> <span class='ocrx_word' id='word_1_68' title='bbox 2183 1246 2310 1330; x_wconf 86' lang='lat' dir='ltr'>qui</span> <span class='ocrx_word' id='word_1_69' title='bbox 2361 1246 2509 1311; x_wconf 85' lang='lat' dir='ltr'>for·</span> 
     </span>
     <span class='ocr_line' id='line_1_11' title="bbox 390 1342 2508 1435; baseline -0.002 -20"><span class='ocrx_word' id='word_1_70' title='bbox 390 1346 609 1435; x_wconf 65' lang='lat' dir='ltr'>„fisse</span> <span class='ocrx_word' id='word_1_71' title='bbox 645 1345 735 1409; x_wconf 90' lang='lat' dir='ltr'>de</span> <span class='ocrx_word' id='word_1_72' title='bbox 774 1344 1014 1409; x_wconf 86' lang='lat' dir='ltr'>alieno</span> <span class='ocrx_word' id='word_1_73' title='bbox 1050 1342 1536 1431; x_wconf 77' lang='lat' dir='ltr'>negligentes,</span> <span class='ocrx_word' id='word_1_74' title='bbox 1591 1356 1782 1407; x_wconf 83' lang='lat' dir='ltr'>certe</span> <span class='ocrx_word' id='word_1_75' title='bbox 1835 1344 1926 1407; x_wconf 89' lang='lat' dir='ltr'>de</span> <span class='ocrx_word' id='word_1_76' title='bbox 1959 1364 2088 1409; x_wconf 86' lang='lat' dir='ltr'>suo</span> <span class='ocrx_word' id='word_1_77' title='bbox 2125 1342 2508 1433; x_wconf 83' lang='lat' dir='ltr'>diligentes</span> 
     </span>
     <span class='ocr_line' id='line_1_12' title="bbox 390 1444 2513 1533; baseline -0.001 -20"><span class='ocrx_word' id='word_1_78' title='bbox 390 1456 668 1533; x_wconf 83' lang='lat' dir='ltr'>‚,erunt,</span> <span class='ocrx_word' id='word_1_79' title='bbox 720 1444 1136 1529; x_wconf 84' lang='lat' dir='ltr'>dabuntque</span> <span class='ocrx_word' id='word_1_80' title='bbox 1176 1462 1504 1527; x_wconf 86' lang='lat' dir='ltr'>operam,</span> <span class='ocrx_word' id='word_1_81' title='bbox 1555 1461 1648 1507; x_wconf 85' lang='lat' dir='ltr'>ne</span> <span class='ocrx_word' id='word_1_82' title='bbox 1685 1463 1856 1529; x_wconf 17' lang='lat' dir='ltr'>‘eam</span> <span class='ocrx_word' id='word_1_83' title='bbox 1890 1466 1925 1509; x_wconf 92' lang='lat' dir='ltr'>a</span> <span class='ocrx_word' id='word_1_84' title='bbox 1975 1464 2093 1507; x_wconf 88' lang='lat' dir='ltr'>me</span> <span class='ocrx_word' id='word_1_85' title='bbox 2127 1446 2513 1526; x_wconf 81' lang='lat' dir='ltr'>pecuniam</span> 
     </span>
     <span class='ocr_line' id='line_1_13' title="bbox 392 1542 2509 1633; baseline -0.001 -20"><span class='ocrx_word' id='word_1_86' title='bbox 392 1544 573 1633; x_wconf 82' lang='lat' dir='ltr'>„uisi</span> <span class='ocrx_word' id='word_1_87' title='bbox 618 1543 872 1629; x_wconf 84' lang='lat' dir='ltr'>diguus</span> <span class='ocrx_word' id='word_1_88' title='bbox 922 1542 1263 1627; x_wconf 80' lang='lat' dir='ltr'>accipiat,</span> <span class='ocrx_word' id='word_1_89' title='bbox 1308 1542 1367 1607; x_wconf 72' lang='lat' dir='ltr'>si</span> <span class='ocrx_word' id='word_1_90' title='bbox 1419 1554 1839 1627; x_wconf 64' lang='lat' dir='ltr'>accepturus</span> <span class='ocrx_word' id='word_1_91' title='bbox 1892 1552 1962 1605; x_wconf 76' lang='lat' dir='ltr'>et</span> <span class='ocrx_word' id='word_1_92' title='bbox 2002 1542 2090 1607; x_wconf 78' lang='lat' dir='ltr'>ab</span> <span class='ocrx_word' id='word_1_93' title='bbox 2126 1542 2294 1627; x_wconf 77' lang='lat' dir='ltr'>ipsis</span> <span class='ocrx_word' id='word_1_94' title='bbox 2345 1544 2509 1611; x_wconf 81' lang='lat' dir='ltr'>erit.</span> 
     </span>
     <span class='ocr_line' id='line_1_14' title="bbox 388 1640 2514 1733; baseline -0.005 -21.774"><span class='ocrx_word' id='word_1_95' title='bbox 388 1642 743 1733; x_wconf 81' lang='lat' dir='ltr'>„Proinde</span> <span class='ocrx_word' id='word_1_96' title='bbox 805 1644 1203 1708; x_wconf 84' lang='lat' dir='ltr'>consentite</span> <span class='ocrx_word' id='word_1_97' title='bbox 1233 1681 1253 1720; x_wconf 85' lang='lat'><strong>,</strong></span> <span class='ocrx_word' id='word_1_98' title='bbox 1328 1640 1776 1725; x_wconf 78' lang='lat' dir='ltr'>conspirate,</span> <span class='ocrx_word' id='word_1_99' title='bbox 1819 1641 2306 1726; x_wconf 82' lang='lat' dir='ltr'>majoremque</span> <span class='ocrx_word' id='word_1_100' title='bbox 2357 1644 2514 1707; x_wconf 76' lang='lat' dir='ltr'>ani-</span> 
     </span>
     <span class='ocr_line' id='line_1_15' title="bbox 388 1734 2510 1831; baseline -0.001 -22.952"><span class='ocrx_word' id='word_1_101' title='bbox 388 1764 633 1831; x_wconf 81' lang='lat' dir='ltr'>„mum</span> <span class='ocrx_word' id='word_1_102' title='bbox 674 1762 758 1807; x_wconf 87' lang='lat' dir='ltr'>ex</span> <span class='ocrx_word' id='word_1_103' title='bbox 790 1763 952 1805; x_wconf 85' lang='lat' dir='ltr'>meo</span> <span class='ocrx_word' id='word_1_104' title='bbox 1008 1740 1306 1823; x_wconf 86' lang='lat' dir='ltr'>sumite,</span> <span class='ocrx_word' id='word_1_105' title='bbox 1366 1740 1494 1823; x_wconf 87' lang='lat' dir='ltr'>qui</span> <span class='ocrx_word' id='word_1_106' title='bbox 1553 1739 1764 1824; x_wconf 86' lang='lat' dir='ltr'>cupio</span> <span class='ocrx_word' id='word_1_107' title='bbox 1817 1758 1966 1803; x_wconf 80' lang='lat' dir='ltr'>esse</span> <span class='ocrx_word' id='word_1_108' title='bbox 2021 1762 2233 1825; x_wconf 87' lang='lat' dir='ltr'>quam</span> <span class='ocrx_word' id='word_1_109' title='bbox 2281 1734 2510 1825; x_wconf 80' lang='lat' dir='ltr'>pluri-</span> 
     </span>
    </p>
   </div>
   <div class='ocr_carea' id='block_1_3' title="bbox 233 1831 2514 1931">
    <p class='ocr_par' dir='ltr' id='par_1_3' title="bbox 233 1831 2514 1931">
     <span class='ocr_line' id='line_1_16' title="bbox 233 1831 2514 1931; baseline -0.001 -23"><span class='ocrx_word' id='word_1_110' title='bbox 233 1831 243 1845; x_wconf 46' lang='lat'><em>*</em></span> <span class='ocrx_word' id='word_1_111' title='bbox 354 1894 363 1907; x_wconf 75' lang='grc'><strong>.</strong></span> <span class='ocrx_word' id='word_1_112' title='bbox 396 1860 665 1931; x_wconf 81' lang='lat' dir='ltr'>„mum,</span> <span class='ocrx_word' id='word_1_113' title='bbox 713 1840 907 1925; x_wconf 82' lang='lat' dir='ltr'>quod</span> <span class='ocrx_word' id='word_1_114' title='bbox 946 1836 1245 1903; x_wconf 81' lang='lat' dir='ltr'>debeam</span> <span class='ocrx_word' id='word_1_115' title='bbox 1286 1837 1639 1905; x_wconf 84' lang='lat' dir='ltr'>conferre.</span> <span class='ocrx_word' id='word_1_116' title='bbox 1683 1835 1879 1900; x_wconf 85' lang='lat' dir='ltr'>Nihil</span> <span class='ocrx_word' id='word_1_117' title='bbox 1913 1838 2276 1905; x_wconf 83' lang='lat' dir='ltr'>honestius</span> <span class='ocrx_word' id='word_1_118' title='bbox 2311 1862 2514 1925; x_wconf 85' lang='lat' dir='ltr'>prae-</span> 
     </span>
    </p>
   </div>
   <div class='ocr_carea' id='block_1_4' title="bbox 322 1924 2520 3015">
    <p class='ocr_par' dir='ltr' id='par_1_4' title="bbox 322 1924 2520 3015">
     <span class='ocr_line' id='line_1_17' title="bbox 390 1924 2515 2031; baseline 0 -25"><span class='ocrx_word' id='word_1_119' title='bbox 390 1956 617 2031; x_wconf 79' lang='lat' dir='ltr'>„stare</span> <span class='ocrx_word' id='word_1_120' title='bbox 667 1934 913 2004; x_wconf 82' lang='lat' dir='ltr'>liberis</span> <span class='ocrx_word' id='word_1_121' title='bbox 980 1936 1271 2027; x_wconf 74' lang='lat' dir='ltr'>vestriS,</span> <span class='ocrx_word' id='word_1_122' title='bbox 1322 1935 1507 2003; x_wconf 80' lang='lat' dir='ltr'>nihil</span> <span class='ocrx_word' id='word_1_123' title='bbox 1563 1936 1827 2026; x_wconf 81' lang='lat' dir='ltr'>gratius</span> <span class='ocrx_word' id='word_1_124' title='bbox 1876 1924 2144 2021; x_wconf 84' lang='lat' dir='ltr'>patriae</span> <span class='ocrx_word' id='word_1_125' title='bbox 2194 1940 2515 2024; x_wconf 69' lang='lat' dir='ltr'>potestis-</span> 
     </span>
     <span class='ocr_line' id='line_1_18' title="bbox 395 2036 2514 2127; baseline -0.001 -21.935"><span class='ocrx_word' id='word_1_126' title='bbox 395 2036 889 2127; x_wconf 81' lang='lat' dir='ltr'>„Edoeeantur</span> <span class='ocrx_word' id='word_1_127' title='bbox 940 2037 1101 2127; x_wconf 74' lang='lat' dir='ltr'>hie,</span> <span class='ocrx_word' id='word_1_128' title='bbox 1155 2037 1280 2121; x_wconf 86' lang='lat' dir='ltr'>qui</span> <span class='ocrx_word' id='word_1_129' title='bbox 1330 2036 1450 2101; x_wconf 82' lang='lat' dir='ltr'>hic</span> <span class='ocrx_word' id='word_1_130' title='bbox 1509 2050 1938 2122; x_wconf 78' lang='lat' dir='ltr'>nascuntur,</span> <span class='ocrx_word' id='word_1_131' title='bbox 1991 2038 2373 2123; x_wconf 78' lang='lat' dir='ltr'>statimque</span> <span class='ocrx_word' id='word_1_132' title='bbox 2425 2038 2514 2105; x_wconf 80' lang='lat' dir='ltr'>ab</span> 
     </span>
     <span class='ocr_line' id='line_1_19' title="bbox 394 2130 2518 2228; baseline -0.001 -23"><span class='ocrx_word' id='word_1_133' title='bbox 394 2137 739 2228; x_wconf 82' lang='lat' dir='ltr'>„infantia</span> <span class='ocrx_word' id='word_1_134' title='bbox 794 2136 1027 2200; x_wconf 83' lang='lat' dir='ltr'>natale</span> <span class='ocrx_word' id='word_1_135' title='bbox 1076 2134 1311 2199; x_wconf 80' lang='lat' dir='ltr'>solum</span> <span class='ocrx_word' id='word_1_136' title='bbox 1372 2151 1644 2212; x_wconf 86' lang='lat' dir='ltr'>amare,</span> <span class='ocrx_word' id='word_1_137' title='bbox 1696 2130 2154 2221; x_wconf 73' lang='lat' dir='ltr'>frequentare</span> <span class='ocrx_word' id='word_1_138' title='bbox 2216 2159 2518 2203; x_wconf 80' lang='lat' dir='ltr'>eonsue-</span> 
     </span>
     <span class='ocr_line' id='line_1_20' title="bbox 396 2232 2516 2327; baseline -0.001 -23"><span class='ocrx_word' id='word_1_139' title='bbox 396 2252 661 2327; x_wconf 75' lang='lat' dir='ltr'>„scam-</span> <span class='ocrx_word' id='word_1_140' title='bbox 712 2238 955 2326; x_wconf 82' lang='lat' dir='ltr'>Atque</span> <span class='ocrx_word' id='word_1_141' title='bbox 985 2234 1255 2299; x_wconf 84' lang='lat' dir='ltr'>utinam</span> <span class='ocrx_word' id='word_1_142' title='bbox 1302 2244 1447 2299; x_wconf 76' lang='lat' dir='ltr'>tam</span> <span class='ocrx_word' id='word_1_143' title='bbox 1499 2232 1724 2299; x_wconf 77' lang='lat' dir='ltr'>elatos</span> <span class='ocrx_word' id='word_1_144' title='bbox 1775 2251 2268 2321; x_wconf 81' lang='lat' dir='ltr'>praeceptores</span> <span class='ocrx_word' id='word_1_145' title='bbox 2305 2237 2516 2301; x_wconf 55' lang='lat' dir='ltr'>indu*</span> 
     </span>
     <span class='ocr_line' id='line_1_21' title="bbox 322 2328 2511 2426; baseline 0 -27"><span class='ocrx_word' id='word_1_146' title='bbox 322 2376 328 2381; x_wconf 84' lang='lat'>-</span> <span class='ocrx_word' id='word_1_147' title='bbox 398 2338 654 2426; x_wconf 54' lang='grc' dir='ltr'><strong>ηπῶς,</strong></span> <span class='ocrx_word' id='word_1_148' title='bbox 704 2347 783 2399; x_wconf 88' lang='lat' dir='ltr'>ut</span> <span class='ocrx_word' id='word_1_149' title='bbox 836 2356 871 2399; x_wconf 94' lang='lat' dir='ltr'>a</span> <span class='ocrx_word' id='word_1_150' title='bbox 923 2332 1239 2399; x_wconf 73' lang='lat' dir='ltr'>finitimis</span> <span class='ocrx_word' id='word_1_151' title='bbox 1296 2332 1578 2418; x_wconf 80' lang='lat' dir='ltr'>oppidis</span> <span class='ocrx_word' id='word_1_152' title='bbox 1629 2332 1858 2398; x_wconf 84' lang='lat' dir='ltr'>studia</span> <span class='ocrx_word' id='word_1_153' title='bbox 1909 2332 2078 2398; x_wconf 83' lang='lat' dir='ltr'>hine</span> <span class='ocrx_word' id='word_1_154' title='bbox 2126 2328 2455 2420; x_wconf 73' lang='lat' dir='ltr'>petantur</span> <span class='ocrx_word' id='word_1_155' title='bbox 2489 2380 2511 2416; x_wconf 90' lang='lat'><strong>,</strong></span> 
     </span>
     <span class='ocr_line' id='line_1_22' title="bbox 396 2430 2520 2527; baseline 0 -26"><span class='ocrx_word' id='word_1_156' title='bbox 396 2442 667 2527; x_wconf 74' lang='lat' dir='ltr'>„utque</span> <span class='ocrx_word' id='word_1_157' title='bbox 722 2452 915 2499; x_wconf 83' lang='lat' dir='ltr'>nune</span> <span class='ocrx_word' id='word_1_158' title='bbox 971 2430 1187 2499; x_wconf 78' lang='lat' dir='ltr'>liberi</span> <span class='ocrx_word' id='word_1_159' title='bbox 1236 2432 1450 2497; x_wconf 81' lang='lat' dir='ltr'>vestri</span> <span class='ocrx_word' id='word_1_160' title='bbox 1501 2431 1736 2497; x_wconf 86' lang='lat' dir='ltr'>aliena</span> <span class='ocrx_word' id='word_1_161' title='bbox 1789 2431 1866 2495; x_wconf 85' lang='lat' dir='ltr'>in</span> <span class='ocrx_word' id='word_1_162' title='bbox 1921 2432 2076 2497; x_wconf 71' lang='lat' dir='ltr'>loca</span> <span class='ocrx_word' id='word_1_163' title='bbox 2114 2476 2135 2513; x_wconf 88' lang='lat'><strong>,</strong></span> <span class='ocrx_word' id='word_1_164' title='bbox 2207 2435 2303 2498; x_wconf 74' lang='lat' dir='ltr'>ita</span> <span class='ocrx_word' id='word_1_165' title='bbox 2353 2451 2520 2501; x_wconf 73' lang='lat' dir='ltr'>mox</span> 
     </span>
     <span class='ocr_line' id='line_1_23' title="bbox 401 2529 2520 2622; baseline 0 -23"><span class='ocrx_word' id='word_1_166' title='bbox 401 2533 666 2622; x_wconf 83' lang='lat' dir='ltr'>„alieni</span> <span class='ocrx_word' id='word_1_167' title='bbox 715 2533 793 2597; x_wconf 89' lang='lat' dir='ltr'>in</span> <span class='ocrx_word' id='word_1_168' title='bbox 840 2532 1035 2596; x_wconf 83' lang='lat' dir='ltr'>hune</span> <span class='ocrx_word' id='word_1_169' title='bbox 1084 2532 1327 2595; x_wconf 81' lang='lat' dir='ltr'>locum</span> <span class='ocrx_word' id='word_1_170' title='bbox 1380 2529 1804 2595; x_wconf 81' lang='lat' dir='ltr'>confluant“.</span> <span class='ocrx_word' id='word_1_171' title='bbox 1877 2530 2070 2597; x_wconf 76' lang='lat' dir='ltr'>Haeo</span> <span class='ocrx_word' id='word_1_172' title='bbox 2123 2533 2360 2617; x_wconf 79' lang='lat' dir='ltr'>putavi</span> <span class='ocrx_word' id='word_1_173' title='bbox 2415 2536 2520 2601; x_wconf 84' lang='lat' dir='ltr'>al-</span> 
     </span>
     <span class='ocr_line' id='line_1_24' title="bbox 402 2630 2514 2744; baseline -0.003 -41"><span class='ocrx_word' id='word_1_174' title='bbox 402 2638 544 2703; x_wconf 82' lang='lat' dir='ltr'>tius</span> <span class='ocrx_word' id='word_1_175' title='bbox 599 2642 668 2695; x_wconf 87' lang='lat' dir='ltr'>et</span> <span class='ocrx_word' id='word_1_176' title='bbox 718 2630 918 2717; x_wconf 83' lang='lat' dir='ltr'>quasi</span> <span class='ocrx_word' id='word_1_177' title='bbox 968 2652 1005 2695; x_wconf 88' lang='lat' dir='ltr'>a</span> <span class='ocrx_word' id='word_1_178' title='bbox 1043 2630 1242 2695; x_wconf 85' lang='lat' dir='ltr'>fonte</span> <span class='ocrx_word' id='word_1_179' title='bbox 1292 2630 1738 2744; x_wconf 27' lang='lat' dir='ltr'>repetenda&amp;</span> <span class='ocrx_word' id='word_1_180' title='bbox 1775 2650 1934 2715; x_wconf 81' lang='lat' dir='ltr'>quo-</span> <span class='ocrx_word' id='word_1_181' title='bbox 1969 2630 2189 2718; x_wconf 86' lang='lat' dir='ltr'>magis</span> <span class='ocrx_word' id='word_1_182' title='bbox 2237 2630 2450 2696; x_wconf 81' lang='lat' dir='ltr'>scires</span> <span class='ocrx_word' id='word_1_183' title='bbox 2487 2668 2514 2711; x_wconf 75' lang='lat'><strong>,</strong></span> 
     </span>
     <span class='ocr_line' id='line_1_25' title="bbox 410 2725 2520 2821; baseline -0.001 -24"><span class='ocrx_word' id='word_1_184' title='bbox 410 2752 620 2821; x_wconf 88' lang='lat' dir='ltr'>quam</span> <span class='ocrx_word' id='word_1_185' title='bbox 662 2742 937 2819; x_wconf 82' lang='lat' dir='ltr'>gratum</span> <span class='ocrx_word' id='word_1_186' title='bbox 986 2729 1163 2793; x_wconf 78' lang='lat' dir='ltr'>mihi</span> <span class='ocrx_word' id='word_1_187' title='bbox 1199 2725 1426 2807; x_wconf 86' lang='lat' dir='ltr'>foret,</span> <span class='ocrx_word' id='word_1_188' title='bbox 1461 2729 1520 2793; x_wconf 85' lang='lat' dir='ltr'>si</span> <span class='ocrx_word' id='word_1_189' title='bbox 1557 2728 1949 2815; x_wconf 76' lang='lat' dir='ltr'>susciperes</span> <span class='ocrx_word' id='word_1_190' title='bbox 1973 2774 1992 2808; x_wconf 93' lang='lat'><strong>‚</strong></span> <span class='ocrx_word' id='word_1_191' title='bbox 2045 2731 2236 2815; x_wconf 86' lang='lat' dir='ltr'>quod</span> <span class='ocrx_word' id='word_1_192' title='bbox 2270 2728 2520 2809; x_wconf 86' lang='lat' dir='ltr'>injun-</span> 
     </span>
     <span class='ocr_line' id='line_1_26' title="bbox 410 2816 2512 2922; baseline 0 -29"><span class='ocrx_word' id='word_1_193' title='bbox 410 2854 524 2922; x_wconf 84' lang='lat' dir='ltr'>go.</span> <span class='ocrx_word' id='word_1_194' title='bbox 583 2830 887 2917; x_wconf 75' lang='lat' dir='ltr'>injungo</span> <span class='ocrx_word' id='word_1_195' title='bbox 939 2816 1215 2907; x_wconf 67' lang='lat' dir='ltr'>autem,</span> <span class='ocrx_word' id='word_1_196' title='bbox 1292 2842 1360 2891; x_wconf 88' lang='lat' dir='ltr'>et</span> <span class='ocrx_word' id='word_1_197' title='bbox 1408 2850 1542 2915; x_wconf 85' lang='lat' dir='ltr'>pro</span> <span class='ocrx_word' id='word_1_198' title='bbox 1595 2827 1706 2891; x_wconf 84' lang='lat' dir='ltr'>rei</span> <span class='ocrx_word' id='word_1_199' title='bbox 1749 2828 2237 2915; x_wconf 79' lang='lat' dir='ltr'>magnitudine</span> <span class='ocrx_word' id='word_1_200' title='bbox 2274 2851 2449 2918; x_wconf 81' lang='lat' dir='ltr'>rogo</span> <span class='ocrx_word' id='word_1_201' title='bbox 2491 2876 2512 2909; x_wconf 85' lang='lat'>,</span> 
     </span>
     <span class='ocr_line' id='line_1_27' title="bbox 408 2924 2516 3015; baseline 0 -18"><span class='ocrx_word' id='word_1_202' title='bbox 408 2946 487 2997; x_wconf 85' lang='lat' dir='ltr'>ut</span> <span class='ocrx_word' id='word_1_203' title='bbox 525 2951 605 2995; x_wconf 85' lang='lat' dir='ltr'>ex</span> <span class='ocrx_word' id='word_1_204' title='bbox 660 2928 861 3013; x_wconf 82' lang='lat' dir='ltr'>eopia</span> <span class='ocrx_word' id='word_1_205' title='bbox 900 2926 1419 3009; x_wconf 81' lang='lat' dir='ltr'>studiosorum,</span> <span class='ocrx_word' id='word_1_206' title='bbox 1471 2942 1655 3015; x_wconf 82' lang='lat' dir='ltr'>quae</span> <span class='ocrx_word' id='word_1_207' title='bbox 1691 2925 1780 2991; x_wconf 84' lang='lat' dir='ltr'>ad</span> <span class='ocrx_word' id='word_1_208' title='bbox 1820 2939 1889 2992; x_wconf 87' lang='lat' dir='ltr'>te</span> <span class='ocrx_word' id='word_1_209' title='bbox 1927 2950 2012 2997; x_wconf 79' lang='lat' dir='ltr'>ex</span> <span class='ocrx_word' id='word_1_210' title='bbox 2047 2924 2516 2997; x_wconf 72' lang='lat' dir='ltr'>admiratione</span> 
     </span>
    </p>
   </div>
  </div>
 </body>
</html>
