2825 4642
1058 281 1155 298 --
1308 237 1452 312 260
1597 212 1696 296 -ss-

350 434 505 528 gis,
557 455 767 520 quam
822 423 1157 518 publice,
1208 431 1404 516 quod
1459 431 1744 496 tandem
1794 428 2116 494 homines
2171 451 2320 494 non
2363 431 2454 496 ad

348 533 709 620 pericula,
762 545 843 595 ut
870 519 1091 614 priua,
1142 550 1388 593 verum
1439 531 1526 594 ad
1556 534 1861 595 honores
1909 530 2164 594 virtute
2207 551 2456 615 perve-

348 636 583 698 niuut
644 631 719 694 ln
774 629 1129 694 infinitum
1192 629 1558 714 epistolam
1607 629 2025 710 extendam,
2074 628 2152 693 si·
2195 629 2457 718 gaudio

350 743 512 798 meo
551 727 985 815 indulgeam.
1084 725 1497 792 Praevertor
1541 726 1626 817 ad
1679 749 1802 808 ea,
1857 749 2036 810 quae
2085 749 2459 817 praeagen-

350 845 494 896 tem
544 828 660 891 hic
696 827 989 891 nuntius
1026 827 1521 910 deprehendit.
1609 825 1816 890 Eram
1854 849 2016 890 cum
2073 849 2458 910 prosocero

347 945 569 1002 meo‚·
608 945 797 990 eram
830 948 995 990 cum
1034 927 1241 990 amita
1268 925 1545 1002 uxoris,
1599 947 1786 990 eram
1829 947 1990 989 cum
2039 919 2287 991 amicis
2331 927 2459 994 diu

351 1025 807 1102 desideratis;
860 1022 1322 1090 circumibam
1374 1024 1676 1113 agellos:
1728 1021 2100 1089 audiebam
2153 1027 2462 1090 multum

276 1187 285 1192 .
347 1127 767 1192 rusticarum
808 1121 1305 1206 querelarum:
1366 1126 1676 1190 rationes
1718 1123 2044 1212 legebam
2077 1124 2336 1187 invitus
2387 1139 2462 1190 et

350 1225 612 1294 cursim
660 1220 854 1308 (aliis
888 1221 1081 1286 enim
1134 1221 1600 1300 chartis‚aliis
1652 1243 1803 1286 sum
1847 1219 2068 1286 literis
2109 1221 2462 1313 initiatus)

353 1341 729 1408 coeperam
795 1320 1004 1385 etiam
1040 1319 1303 1407 'itineri
1350 1341 1467 1385 me
1509 1317 1948 1408 praeparare.
2003 1316 2174 1384 Nam
2221 1323 2462 1388 inclu-

350 1425 484 1488 dor
520 1417 855 1507 augustiis
909 1435 1381 1498 commeatuS,
1430 1442 1662 1506 eoquo
1699 1422 1892 1505 ipso,
1947 1419 2139 1506 quod
2175 1422 2466 1508 delegaff-

350 1536 505 1590 tum
554 1517 866 1584 Cornuto
918 1517 1129 1582 'audio
1175 1519 1529 1600 officium,
1585 1521 1728 1584 mei
1767 1521 2175 1584 admoneor.
2233 1519 2466 1604 Cupio

356 1633 425 1688 te
464 1639 751 1706 quoque
804 1617 934 1682 sub
985 1617 1178 1682 idem
1218 1633 1494 1706 tempus
1531 1617 1909 1705 Campania
1946 1631 2062 1682 tua
2105 1621 2458 1698 remittat,

353 1740 447 1786 ne
474 1719 659 1806 quis,
690 1735 911 1800 quum
959 1715 1036 1779 in
1090 1717 1342 1782 urbem
1378 1717 1692 1852 rediero,
1727 1717 2196 1783 contubernio
2219 1731 2456 1784 nostro

356 1819 507 1884 dies
540 1827 805 1904 pereat.
907 1815 1111 1934 Vale.

1300 2691 1469 2770 XVI
1479 2747 1496 2767 .

470 2791 605 2905 ‘o
656 2836 1105 2908 PL1Nms
1166 2833 1913 2910 MARCELmNo
1963 2837 2190 2906 suo
2241 2841 2310 2908 S.

355 2973 623 3035 Mortem
656 2972 933 3028 Fundani
941 2973 1121 3047 filiae
1152 2977 1320 3048 luget
1338 3015 1359 3048 ‚
1391 2985 1451 3032 ct
1489 2975 1941 3042 Marcellinum,
1979 2985 2049 3032 ut
2075 2987 2310 3050 patrem
2328 2997 2468 3036 con·

429 3065 672 3148 soletur?
698 3069 917 3122 monet.

490 3189 499 3194 ’
558 3185 1025 3255 Tristissimus
1077 3190 1251 3253 haec
1294 3188 1421 3254 tibi
1465 3186 1722 3256 scribo.
1773 3190 2097 3256 Fundani
2130 3191 2348 3256 nostri
2389 3193 2468 3256 fi-

356 3285 453 3350 lia
510 3285 747 3350 minor
798 3301 899 3350 est
958 3288 1335 3354 defuncta=
1388 3312 1524 3376 qua
1577 3289 1824 3374 puella
1885 3293 2069 3354 ninii
2125 3315 2464 3374 umquam

358 3385 717 3462 festivius‘,
778 3387 1187 3468 amabilius,
1258 3411 1394 3453 nec
1449 3391 1668 3455 modo
1733 3387 2060 3478 longiore
2115 3392 2282 3466 vita,
2335 3391 2466 3453 sed

357 3505 584 3572 prope
636 3487 1155 3554 immortalitate
1224 3487 1512 3576 dignius
1583 3489 1750 3554 vidi.
1857 3492 2190 3557 Nondum
2239 3507 2464 3556 anuos
