2825 4642
1575 85 1597 133 ἱ

1056 348 1154 364 ...-
1311 321 1453 394 140
1598 347 1699 366 ..-

361 497 574 569 batur
597 541 618 580 ‚
653 516 875 582 quum
909 497 986 564 in
1029 499 1322 568 comitio
1357 487 1571 590 virgis
1608 497 2024 576 cederetur,
2074 499 2153 562 in
2202 498 2487 563 haema

365 621 452 668 ce
497 596 946 689 perstiteratt
993 597 1210 683 quid
1263 598 1513 662 feci?
1564 598 1805 662 nihil
1844 581 2058 662 feci.
2164 593 2487 662 Ardebat

365 717 536 788 ergo
587 671 1031 762 Domitianus
1067 710 1138 761 et
1171 695 1613 764 crudelitatis
1646 710 1715 761 et
1748 695 2145 790 iniquitatis
2168 695 2490 762 infamia.

357 793 633 879 Arripit
681 789 1170 874 Licinianum,
1238 797 1439 881 quod
1500 795 1579 862 in
1641 791 1821 886 agris
1861 795 2009 880 suis
2066 795 2491 860 occultasset

358 893 748 960 Corneliae·
789 893 1144 960 libertam.
1235 895 1400 960 Ille
1412 893 1498 960 ab
1534 896 1673 968 iis,
1724 881 1983 984 quibus
2023 906 2175 958 erat
2226 907 2438 960 curae
2474 941 2493 972 ,

355 1006 868 1082 praemonetur
891 1039 911 1074 ,
965 992 1025 1060 si
1059 992 1435 1058 comitium
1486 1011 1556 1058 et
1601 995 1825 1084 virgas
1876 993 2021 1078 pati
2066 984 2349 1084 nollet,
2404 994 2493 1058 ad

359 1093 890 1160 confessionem
943 1091 1408 1182 confugeret,
1464 1096 1668 1180 quasi
1719 1093 1814 1160 ad
1856 1090 2157 1158 ven'ia'ru.
2262 1093 2487 1176 Fecit.

351 1191 666 1259 Locutus
703 1206 806 1257 est
821 1214 954 1278 pro
994 1189 1286 1258 absente
1317 1191 1733 1260 Herennius
1761 1192 2063 1259 Senecio
2098 1190 2241 1256 tale
2276 1192 2487 1278 quid·

353 1291 562 1370 dam,
603 1292 822 1376 quale
867 1303 970 1356 est
1003 1291 1230 1358 illud.
1277 1281 1489 1368 κεῖται
1548 1281 1999 1388 Πέτραλος
2020 1287 2085 1376 '‘)
2114 1291 2233 1354 Ait
2266 1292 2483 1357 anime

356 1413 460 1458 ex
511 1391 961 1456 advocato
1015 1391 1404 1456 nuntius
1443 1393 1636 1458 fact
1666 1415 1767 1461 ue
1818 1405 2001 1466 aum
2053 1387 2488 1455 Βοοοῖεεὶι

252 1576 263 1583 ,
351 1489 934 1556 Licinianus.
1004 1491 1298 1556 Gratum
1351 1489 1501 1556 hoc
1572 1491 2024 1574 Domitiano,
2092 1488 2269 1553 adeo
2324 1489 2486 1573 qui·-

357 1591 564 1670 dem,
605 1601 686 1654 ut
735 1590 997 1678 gaudio
1031 1590 1515 1684 proderetur,
1550 1591 2006 1678 diceretque:
2040 1587 2491 1656 Absolvit

355 1711 524 1755 nos
575 1685 1156 1755 Licinianus.
1221 1642 1515 1769 Adiecit
1560 1691 1823 1770 etiam,
1866 1711 2049 1754 non
2100 1711 2155 1784 e
2170 1707 2319 1754 sse
2354 1709 2487 1751 ve-

353 1785 877 1854 recundiae
917 1781 1121 1869 ejus
1160 1787 1183 1850 i
1211 1788 1757 1856 nstandum·
1808 1789 1945 1874 ipsi
2000 1771 2163 1852 vero
2218 1769 2481 1873 permi-

353 1887 486 1965 sit,
531 1887 594 1952 si
648 1905 789 1972 qua
856 1899 1093 1971 posset
1151 1908 1236 1952 ex
1281 1888 1496 1952 rebus
1551 1887 1693 1954 suis
1744 1909 1997 1972 rapere
2033 1929 2052 1963 ,
2106 1898 2487 1971 antequam

351 1983 543 2052 bona
591 1983 1135 2070 publicarentur
1155 2032 1173 2065 ‚
1208 1987 1703 2084 exsiliumque
1754 1985 2015 2076 molle,
2036 1983 2231 2048 velut
2284 2007 2487 2070 prae·

229 2084 247 2103 '
345 2083 620 2164 mium,
672 2084 896 2150 dedit.
954 2083 1058 2150 Ex
1109 2091 1253 2169 q'uo
1313 2102 1551 2178 tamen
1603 2100 1880 2171 postea·
1900 2083 2282 2150 clementia
2333 2083 2480 2167 divi

349 2179 630 2250 Nervae
659 2184 1036 2250 translatus
1091 2195 1196 2250 est
1233 2183 1314 2250 in
1367 2171 1832 2273 Sicilianum‚
1888 2183 2016 2248 ubi
2070 2205 2267 2247 nunc
2316 2205 2480 2272 pro-

347 2283 594 2350 fitetur
632 2329 653 2364 ,
707 2302 930 2370 seque
987 2285 1080 2348 de
1149 2284 1439 2352 fortuna
1510 2283 2081 2376 praefationibus
2138 2282 2473 2349 vindicat.

348 2383 622 2466 Vides,
644 2379 888 2469 'quam
928 2381 1443 2468 obsequenter
1458 2405 1745 2470 paream
1788 2385 1963 2461 tibi,
2006 2383 2133 2468 qui
2186 2363 2335 2448 non
2374 2401 2481 2447 so-

351 2479 509 2545 lum
543 2502 656 2546 res
706 2481 1048 2572 urbanas,
1100 2502 1348 2548 verum
1397 2484 1628 2556 etiam
1664 2483 2073 2572 peregrinas
2109 2496 2251 2549 tam
2277 2481 2484 2548 sedu-

269 2579 280 2593 '
349 2579 430 2644 lo
481 2579 760 2663 scribo,
815 2593 893 2646 ut
925 2580 1133 2647 altius
1187 2595 1527 2670 repetam.
1586 2560 1669 2646 Et
1722 2601 1889 2646 sane
1941 2582 2313 2666 putabam,
2371 2592 2477 2656 te,

356 2677 524 2762 quia
576 2694 730 2744 tum
761 2671 1085 2784 abfuisti,
1137 2681 1326 2746 nihil
1373 2681 1572 2746 aliud
1626 2681 1717 2744 de
1754 2677 2124 2745 Liciniano
2160 2677 2477 2754 audisse,
2558 2731 2565 2739 .

355 2797 574 2861 quam
605 2759 1000 2870 retegatum
1051 2779 1146 2843 ob
1178 2779 1555 2846 incestum.
1610 2779 1965 2845 Summam
1999 2777 2190 2872 enim
2232 2795 2476 2840 rerum

351 2877 635 2966 nuntiat
667 2879 900 2969 fama,
951 2899 1098 2943 non
1142 2875 1495 3000 ordinem.
1547 2877 1834 2946 Mereor
1870 2905 1893 2960 3
1968 2894 2046 3002 ut
2116 2863 2420 2943 vicis‘sim
2462 2917 2483 2952 ‚

391 4134 486 4232 Ὗ)
519 4151 1286 4230 xmaejn'noxhos]1’aeet
1333 4152 1763 4245 {atroci-us.
1876 4228 1884 4236 .
