2825 4642
1089 287 1187 302 ...Α
1342 249 1479 336 196
1628 287 1727 304 ..-

332 453 426 504 ·et
455 415 801 523 locupleti
851 447 920 500 et
969 435 1183 502 orbos
1221 437 1296 501 in
1335 457 1628 515 summa,
1664 433 1807 502 no³n
1839 435 2299 524 profuturum
2346 441 2449 516 ei,

353 536 413 608 ai
447 539 853 614 donassem,
906 536 1403 622 profuturum,
1456 538 1515 602 ai
1567 539 1967 605 cessissem:
2022 557 2174 602 esse
2218 549 2452 603 autem

353 657 468 701 me
519 649 838 720 paratum
893 634 1150 698 cedere
1187 679 1206 712 ,
1263 637 1336 701 ·si
1387 635 1641 720 inique
1714 635 2221 700 exheredatum
2280 633 2455 706 mihi

279 713 300 736 χ
351 735 686 819 liqueret.
755 733 870 796 Ad
919 723 1054 798 hoc
1109 733 1277 796 ine.
1327 727 1540 822 Rogo
1564 755 1967 822 cognosco&
2072 733 2457 800 Cunctatus
2543 761 2553 768 ·

353 831 714 919 paullum,
765 831 1118 914 Faciam,
1137 831 1496 916 inquam:
1525 853 1764 916 neque
1800 835 2000 898 enim
2036 833 2285 909 video,
2340 855 2467 896 cur

355 929 510 1016 ipse
543 951 658 994 me
687 929 1038 1018 minorem
1079 945 1350 1017 putem,
1397 951 1611 1014 quam
1642 929 1775 996 tibi
1813 917 2089 1004 videor.
2139 931 2278 995 Sed
2326 934 2469 1011 jam

357 1051 552 1094 nunc
606 1043 1006 1110 memento,
1053 1051 1200 1093 non
1251 1028 1658 1094 defuturam
1713 1030 1891 1094 mihi
1944 1033 2407 1134 constantiam
2446 1075 2468 1110 ‚

296 1173 314 1187 .
358 1130 420 1194 ai
475 1130 564 1194 ita
601 1127 774 1193 fides
809 1127 1136 1226 duxerit,
1170 1127 1567 1193 secundum
1598 1142 1895 1196 matrem
1927 1141 2117 1194 tuam
2140 1121 2467 1222 pronun·

362 1227 606 1292 tiandi
650 1229 739 1291 Ut
773 1227 992 1310 vole‘33
1045 1225 1165 1292 ait·
1177 1219 1385 1292 voles
1420 1228 1617 1292 enim
1635 1271 1654 1305 ,
1708 1228 1905 1314 quod
1940 1219 2469 1311 aequissimum.

359 1325 720 1392 Adhibui
697 1347 775 1390 in
818 1325 1197 1392 eonsilium
1233 1325 1435 1404 duos,
1488 1347 1664 1410 quos
1716 1341 1889 1392 tuoe
1940 1327 2177 1393 civitas
2228 1338 2471 1391 nostra

359 1425 897 1512 spectatissimos
946 1426 1234 1502 habuit,
1289 1424 1679 1513 Corellium
1725 1439 1793 1490 et
1844 1425 2282 1492 Frontinum.
2333 1423 2461 1489 His

363 1521 834 1590 circumdatus
859 1570 880 1605 ,
928 1519 1008 1590 in
1041 1525 1377 1588 cubiculo
1409 1531 1573 1588 meo‘
1612 1525 1789 1592 sedi.
1843 1523 2027 1590 Dixit
2065 1521 2408 1590 Curianus
2440 1568 2463 1603 ,

320 1630 548 1709 ‘quae
595 1645 727 1708 pro
791 1645 864 1688 se
913 1620 1224 1708 putabat.
1276 1620 1641 1706 Respondi
1694 1623 1943 1708 paucis
1994 1645 2127 1714 ego
2193 1623 2471 1709 (neque

367 1722 560 1786 enim
610 1723 846 1787 aderat
883 1722 1100 1798 aliua,
1137 1721 1264 1804 q'ui
1303 1721 1685 1787 defunctae
1734 1723 2089 1808 pudorem
2122 1716 2471 1808 tueretur)

367 1819 631 1886 deinde
697 1819 986 1898 secessi,
1061 1829 1130 1882 et
1180 1839 1264 1882 ex
1335 1818 1618 1884 consilii
1671 1822 2053 1886 sententia·
2078 1821 2413 1890 Videtur
2448 1869 2472 1903 ‚

367 1921 700 2002 inquam3
753 1917 1096 1996 Curiane,
1145 1932 1372 1982 mater
1413 1933 1538 1982 tua
1592 1921 1805 1997 iustas
1846 1919 2176 1985 habuisse
2234 1923 2477 1988 cau'aaa

365 2016 722 2082 irascendi
768 2019 922 2082 tibi.
1003 2013 1164 2082 Post
1202 2018 1338 2084 hoo
1373 2014 1502 2083 ille
1553 2040 1716 2082 cum
1750 2009 2031 2082 ceteris
2058 2017 2476 2104 subscripsit

373 2116 880 2198 centumvirale
909 2117 1296 2196 judicium,
1345 2136 1629 2182 mecum
1666 2139 1839 2182 non
1864 2119 2297 2204 subscripsit.
2334 2119 2479 2184 Ad·

369 2214 656 2306 perabat
715 2213 973 2296 judicii
1025 2215 1218 2280 dies:
1287 2215 1673 2282 coheredes
1723 2219 1866 2282 mei
1921 2238 2353 2306 componere
2406 2233 2477 2284 et

371 2313 758 2406 transigere
781 2313 1198 2404 cupiebantz
1243 2307 1390 2381 non
1430 2313 1823 2398 diffidentia
1863 2338 2136 2395 causae,
2160 2319 2284 2384 sed
2326 2339 2471 2383 me-

2278 2553 2285 2560 ’
2383 2547 2413 2594 Ι
