2825 4642
1212 283 1313 325 ·.-.·
1487 266 1628 341 190
1776 286 1875 301 --

470 436 833 526 ‚ej'up'modi
896 434 1349 521 exemplum,
1419 463 1568 509 non
1629 437 1770 505 nisi
1841 439 2122 522 severi:
2181 428 2594 517 institutum

446 540 955 606 'reductumne
998 558 1366 619 exercere,
1422 538 1634 609 etiam
1668 536 2020 631 ‚lenissimi
2061 557 2416 630 possunt.·

1410 997 1650 1068 xxx,
2125 1040 2130 1048 -

620 1112 625 1119 ’
724 1139 799 1205 c,
870 1108 1335 1205 PLiNms
1398 1132 1864 1201 LlctNlo
1937 1132 2178 1202 sno
2217 1134 2291 1210 s

469 1232 715 1331 Mc'ram'
756 1285 1033 1329 naturam
1059 1271 1265 1359 sontii
1316 1274 1383 1328 in
1434 1273 1709 1331 Comensi
1757 1290 1903 1349 agro
1949 1276 2414 1351 narrat‚cu1‘us
2455 1294 2584 1333 can·

477 1396 488 1408 ,
537 1382 667 1421 sam
702 1376 763 1420 et
798 1368 926 1438 ipse
959 1362 1249 1441 inquirit,
1302 1374 1361 1419 et
1390 1360 1807 1441 inquirendam
1845 1362 2240 1429 commendat.

660 1488 891 1553 Attuli
951 1487 1088 1551 tibi
1128 1511 1210 1553 ex
1255 1486 1478 1573 patria
1523 1508 1680 1551 mea
1717 1509 1850 1576 pro
1901 1489 2328 1553 munusculo
2365 1513 2584 1576 quae·

456 1590 805 1667 ationem,
860 1586 1194 1653 altissima
1237 1588 1361 1651 ista
1406 1588 1812 1655 eruditione
1848 1588 2354 1675 dignissimam.
2395 1590 2586 1656 Fons

463 1690 691 1754 oritur
741 1687 818 1750 in
866 1697 1152 1765 monte,
1207 1706 1335 1770 per
1390 1705 1544 1751 saxa
1598 1685 1964 1765 decurrit,
2021 1686 2368 1771 excipitur
2423 1710 2589 1754 coe·

460 1784 879 1867 natiuncula
948 1805 1162 1847 manu
1215 1784 1440 1850 facta·
1496 1782 1599 1845 ibi
1647 1779 2056 1869 paullulum
2126 1800 2442 1869 retentus
2506 1790 2584 1852 in

384 1938 394 1947 .
455 1886 743 1950 Larium
791 1885 1029 1947 lacum
1082 1882 1376 1972 decidit.
1485 1882 1713 1981 liujus
1765 1884 1942 1948 mira
1991 1896 2299 1951 natura.
2349 1902 2458 1950 ter
2506 1888 2582 1951 in

458 1986 618 2063 die,
660 1982 850 2047 atatis
924 1981 1246 2047 auctibus
1300 2004 1379 2047 ac
1419 1970 2102 2081 deminutionibus,
2157 1986 2415 2048 crescit
2467 1987 2586 2051 de·

463 2080 887 2165 crescitque.
940 2081 1271 2147 Cernitur
1300 2082 1379 2145 id
1418 2082 1676 2168 palam,
1711 2098 1780 2147 et
1821 2106 1986 2147 cum
2035 2104 2302 2150 summa
2339 2086 2586 2169 volup-

456 2173 601 2248 tate'
651 2176 1237 2267 deprehenditur.
1304 2180 1508 2245 Juxta
1547 2180 1904 2247 recumbis
1955 2182 2414 2246 et'vescerisz
2479 2196 2581 2247 at·

454 2302 599 2367 que
642 2280 855 2347 etiam
911 2302 993 2345 ex
1048 2280 1203 2365 ipso
1256 2280 1461 2345 fonte
1497 2284 1695 2365 (nam
1732 2272 2394 2369 est-frigidissimm)
2447 2304 2580 2366 po·

450 2370 555 2461 tas
616 2404 635 2439 ε
710 2381 997 2443 interim
1044 2380 1193 2443 ine·
1234 2380 1446 2448 certis
1498 2381 1982 2463 dimensisque
2031 2380 2408 2445 momentis
2463 2380 2602 2444 vel'

449 2478 887 2544 subtrahitur
936 2481 1049 2542 vel
1086 2480 1428 2569 adsurgit.
1477 2480 1889 2559 Annulum‚
1943 2499 2067 2545 seu
2127 2478 2300 2561 quid
2341 2480 2576 2559 aliud,

338 2592 345 2601 ·
378 2596 391 2605 ·
445 2578 656 2664 ponis
694 2578 773 2641 in
819 2579 1010 2643 sicco
1034 2624 1054 2657 ,
1107 2578 1423 2643 adluitur
1451 2580 1753 2659 sensim,
1804 2598 1886 2642 ac
1919 2576 2298 2665 novissime
2341 2579 2578 2663 operi·

446 2690 605 2749 tur:
652 2677 1012 2766 detegitur
1048 2698 1286 2743 rursus
1334 2679 1855 2761 paullatimque
1897 2678 2290 2753 deseritur3
2355 2677 2410 2741 si
2463 2677 2576 2739 di-

448 2776 639 2839 utius
693 2778 1015 2841 observes
1054 2818 1077 2849 ,
1129 2792 1513 2860 utrumque
1577 2778 1834 2841 iterum
1889 2796 2002 2855 ac,⁴
2030 2774 2238 2837 tertio
2304 2774 2572 2841 videas.

448 2874 844 2959 Spiritusne
886 2876 1141 2961 aliquis
1196 2878 1546 2939 occultior
1591 2898 1664 2939 os
1717 2874 1930 2938 fontis
1971 2876 2040 2937 et
2083 2875 2323 2937 fauces
2356 2874 2576 2938 modo

446 2975 668 3052 laxat,
704 2974 926 3046 modo·
958 2974 1314 3064 includit³
1358 2987 1567 3059 prout
1607 2975 1847 3037 illatus
1903 2972 2254 3048 occurrit,
2292 2984 2410 3034 aut
2449 2972 2572 3036 de-

452 3070 655 3139 cessit
696 3076 1079 3159 expulsus?
1124 3072 1315 3157 quod
1350 3072 1428 3135 in
1465 3072 1795 3157 ampullis
1838 3072 2236 3155 ceterisque
2289 3073 2574 3158 generis

450 3174 770 3250 ejusdem
822 3172 1141 3235 videmus
1198 3170 1564 3251 accidere,
1621 3172 1878 3253 quibus
1929 3194 2073 3234 non
2125 3170 2364 3248 hians,
2431 3192 2574 3235 neo

448 3272 680 3337 statim
730 3284 977 3357 patens
1028 3270 1272 3336 exitus.
1328 3266 1502 3335 Nam
1560 3272 1684 3335 illa
1743 3284 2072 3354 quoque,
2133 3292 2574 3353 quamquam

443 3393 669 3459 prona
716 3385 927 3453 atque
950 3370 1353 3456 vergentia,
1392 3392 1524 3457 per
1565 3372 1901 3455 quasdam
1953 3368 2374 3433 obluctantis
2415 3368 2566 3433 ani-

442 3490 604 3534 mae
656 3490 807 3531 mon
814 3492 879 3535 as
938 3472 1207 3535 crebris
1264 3471 1466 3555 quasi
1517 3469 1946 3555 singultibus
2001 3468 2307 3549 sistunt,
2363 3468 2566 3553 quod

448 3568 850 3634 effundunt.
904 3572 1017 3633 An
1070 3591 1255 3651 quae
1292 3571 1580 3643 Oceano
1631 3586 1880 3633 natura
1911 3612 1930 3645 ,
1985 3567 2166 3631 fonti
2202 3588 2499 3653 quoque
2530 3566 2568 3635 ἱ

449 3688 736 3755 quaque
789 3668 917 3733 ille
956 3668 1229 3735 ratione
1282 3682 1400 3738 aut
1460 3670 1857 3755 impellitur
1915 3681 2032 3734 aut
2083 3669 2496 3733 resorbetur
2544 3712 2570 3749 2
