2825 4642
1103 300 1126 373 ·.
1169 308 1266 321 -
1420 280 1511 347 ⁵2
1666 312 1761 323 -

548 420 684 471 ’,ιη-τ·
917 461 934 477 ,
2172 468 2189 481 .

391 469 650 538 simum
699 476 1096 549 putavimus
1151 460 1398 545 plures
1454 482 1915 553 congregare,
1963 486 2083 545 ne,
2132 487 2193 531 st
2230 467 2518 557 longius

393 582 574 635 esset
607 576 908 627 extracta
947 561 1291 645 cognitio,
1329 550 1647 625 satietate
1672 578 1745 625 ct
1770 566 2007 629 taedio
2046 570 2357 649 quodam
2408 574 2523 649 ju-

387 667 570 734 stitia
599 664 1182 751 cognoscentium
1225 661 1701 743 severitasque
1748 665 2243 751 languesceret
2264 692 2285 728 =
2336 672 2521 733 alio-

395 766 568 853 quin
621 774 1036 847 supererant
1069 760 1382 825 minores
1446 760 1549 823 rei
1574 804 1595 837 ‚
1670 762 1829 827 data
1899 784 2116 847 opera
2188 769 2377 833 hunc
2432 772 2515 838 in

391 870 634 931 locum
671 862 1000 925 reservati
1031 884 1050 919 ι
1089 872 1378 942 excepta
1426 873 1659 921 tamen
1698 861 1993 927 Classici
2024 886 2285 945 uxore,
2322 894 2513 954 quae

389 966 570 1035 sicut
618 960 962 1045 implicita
1011 958 1539 1044 suspicionibus
1558 1002 1582 1034 ‚
1632 956 1727 1027 ita
1776 984 1925 1027 non
1990 965 2153 1028 satis
2222 971 2513 1035 convin-

391 1066 458 1131 ci
505 1058 1048 1149 probationibus
1100 1058 1238 1123 visa
1277 1072 1404 1127 est.
1504 1055 1679 1119 Nam
1730 1058 2019 1126 Classici
2084 1064 2229 1130 filia
2286 1072 2509 1151 (quae

388 1176 460 1229 et
517 1164 670 1247 ipsa
747 1160 936 1221 inter
989 1178 1144 1222 reos
1201 1158 1384 1243 erat)
1432 1178 1527 1221 ne
1600 1160 2123 1245 suspicionibus
2210 1167 2509 1251 quidem

385 1261 744 1341 haerebat.
851 1257 1094 1345 ltaque
1132 1278 1359 1339 quum
1411 1259 1501 1323 ad
1551 1278 1813 1323 nomen
1850 1262 2005 1338 ejus
2058 1263 2133 1325 in
2193 1279 2505 1333 extrema

388 1362 668 1425 actione
713 1356 1058 1421 venissem
1101 1356 1376 1441 (neque
1413 1356 1605 1422 enim
1626 1404 1647 1435 ‚
1700 1373 1778 1420 ut
1812 1360 2021 1425 initio
2044 1406 2066 1441 ,
2118 1362 2219 1427 sic
2288 1366 2503 1431 etiam

389 1462 468 1524 in
521 1462 660 1523 fine
703 1458 1092 1521 verendum
1139 1470 1284 1518 erat
1309 1501 1330 1533 ,
1381 1479 1477 1522 ne
1510 1476 1639 1541 per
1672 1459 1807 1519 hoc
1852 1460 2065 1525 totius
2110 1464 2501 1528 adcusatio·

385 1562 496 1623 nis
549 1557 926 1621 auctoritas
995 1554 1491 1645 minueretur)
1553 1557 2123 1645 honestissimum
2182 1564 2497 1643 credidi,

383 1680 534 1725 non
579 1676 906 1743 premere
945 1654 1437 1725 imme-‚rentem
1462 1676 1484 1710 ε
1534 1652 1757 1738 idque
1802 1656 2039 1742 ipsum
2088 1660 2235 1723 dixi
2302 1676 2372 1726 et
2408 1662 2500 1725 li-

383 1760 556 1823 bere
595 1768 686 1817 ·et
753 1752 964 1817 varie.
1079 1751 1138 1816 N
1147 1776 1256 1815 am
1325 1752 1542 1815 modo
1592 1752 1861 1840 legatos
1924 1752 2444 1845 interrogabam
2474 1805 2497 1839 ,

381 1853 1066 1921 docuissentne
1141 1864 1284 1923 me.
1345 1850 1769 1934 aliquid,
1856 1856 2229 1937 quodi-e
2296 1882 2497 1943 pro.

373 1954 576 2025 bari
617 1973 776 2038 pos
809 1948 1599 2016 se'coufidereut'!
1648 1952 1863 2015 modo
1900 1952 2279 2024 consilium
2312 1978 2349 2021 a
2395 1980 2505 2021 sc.

377 2068 546 2123 nasu
639 2050 962 2136 petebam
997 2096 1018 2127 ,
1121 2074 1234 2136 pu
1261 2061 1631 2117 tarctne
1728 2052 1833 2113 de
1856 2052 2071 2117 bere
2148 2074 2219 2114 m
2244 2074 2325 2132 e,
2414 2060 2501 2123 si

375 2174 642 2243 quam
715 2148 1169 2216 haberem·
1225 2136 1320 2213 in
1369 2146 1789 2215 dicendo
1842 2150 2169 2217 facult
2200 2166 2491 2233 atem,

377 2261 402 2322 i
439 2278 488 2321 n
537 2254 698 2339 jug
727 2252 880 2313 ulu
913 2272 984 2311 m
1025 2250 1615 2327 innocentiS‚
1686 2250 1950 2333 quasi
1982 2264 2065 2313 te
2094 2250 2281 2313 lum
2338 2253 2493 2317 ali-

379 2380 422 2441 q
448 2381 493 2420 u
515 2352 652 2445 οῤ,
719 2350 810 2415 in
831 2362 858 2409 t
889 2368 927 2411 e
953 2372 1000 2411 n
1019 2348 1236 2412 dere
1261 2373 1281 2409 ε
1349 2365 1708 2433 postremo
1760 2361 1985 2412 totum
2051 2348 2297 2413 locum
2353 2353 2491 2418 hoc

375 2456 520 2518 fine
555 2447 923 2516 conclusi:
957 2446 1027 2525 ,D
1055 2447 1240 2537 icet
1289 2448 1689 2551 aliquis,
1756 2447 1971 2513 Judi
1998 2470 2144 2515 cas
2215 2460 2487 2541 ergo?

377 2552 566 2641 Ego
610 2570 824 2613 vero
890 2568 1068 2609 non
1114 2548 1493 2627 judico:
1554 2549 1935 2618 memini
1970 2564 2277 2613 tamen
2306 2594 2326 2627 ,
2363 2574 2489 2625 me

381 2653 607 2718 advo
640 2661 782 2711 cat
821 2654 962 2709 un‘1
1019 2666 1112 2711 ex
1145 2646 1643 2725 judicibus
1697 2644 2197 2711 datum.'Hic
2242 2648 2489 2715 nume-

379 2746 774 2835 rpsissimae
823 2765 1072 2810 causae
1118 2745 1457 2809 terminus
1500 2746 1645 2808 fuit
1664 2744 1713 2821 ,⁰
1738 2739 2163 2827 quibusda&
2216 2744 2487 2813 absolu-

380 2850 492 2925 tis,
537 2844 866 2935 pluribus
913 2844 1280 2921 damnatis,
1313 2858 1526 2928 atque
1562 2846 1773 2909 etiam
1798 2844 2171 2934 relegatis,
2224 2846 2379 2911 aliis
2412 2848 2499 2913 in
