2825 4642
1136 283 1235 300 ..-
1390 254 1530 326 22⁴
1680 281 1780 300 ...-

346 437 662 522 diaeta,
738 453 921 520 quae
988 431 1221 500 villae
1264 431 1826 520 hippodromum
1882 431 2218 500 adnectit.
2309 434 2500 506 Haec

394 537 663 612 facies,
728 525 846 598 hic
912 532 1098 600 visus
1149 555 1187 598 a
1254 533 1516 600 fronte.
1582 534 1648 596 A
1697 532 1920 597 latere
1971 533 2232 600 aestiva
2299 556 2504 624 eryp

388 631 781 722 toporticus
841 631 923 700 in
991 631 1183 698 edito
1246 631 1530 717 posita·
1507 673 1533 710 ‚
1636 651 1817 714 quae
1901 653 2050 698 non
2131 633 2502 719 adspicere

389 738 665 818 vineaS,
712 731 837 798 sed
892 744 1181 820 tangere
1217 731 1521 796 videtur.
1574 728 1652 792 ln
1687 728 1923 796 media
1963 729 2364 800 triclinium
2402 758 2506 802 sa-

387 831 864 904 luberrimum
904 827 1235 912 adflatum
1275 852 1359 896 ex
1392 819 1798 945 Apenniuis
1850 827 2152 896 vallibus
2206 823 2506 920 recipit·

386 945 547 1024 post
590 916 945 999 latissimis
978 929 1307 995 fenestris
1348 930 1626 1014 vineas,
1677 927 1888 995 valvis
1918 947 2146 1016 aeque
2199 931 2454 998 vineas
2477 979 2502 1014 ‚

386 1031 520 1100 scd
564 1049 698 1114 per
747 1029 1398 1121 cryptoporticum,
1465 1027 1672 1112 quasi
1739 1028 2066 1094 admittit.
2171 1033 2235 1094 A
2279 1033 2504 1098 latere

387 1125 731 1205 triclinii,
766 1129 961 1212 quod
1012 1127 1343 1194 fenestris
1398 1139 1614 1205 caret,
1659 1127 1890 1207 scalae
1930 1128 2249 1194 convivio
2291 1131 2500 1196 utilia

386 1223 773 1294 secretiore
824 1219 1091 1294 amb'itu
1142 1240 1556 1332 suggerunt.
1607 1229 1694 1292 In
1727 1227 1872 1290 fine
1923 1227 2363 1309 cubiculumj
2383 1229 2508 1294 eui

390 1352 537 1397 non
572 1323 805 1392 minus
834 1328 1239 1408 jucundum
1284 1323 1744 1412 prospectum
1777 1327 2340 1414 cryptoporticus
2392 1329 2506 1416 ip·
2561 1379 2570 1388 .

391 1452 502 1506 sa,
556 1447 767 1512 quam
817 1426 1065 1491 vineae
1112 1426 1484 1510 praebent.
1584 1424 1836 1492 Subest
1885 1429 2454 1514 cryptoporticus
2480 1419 2522 1512 ,⁵

390 1529 893 1598 subterraneae
944 1525 1243 1592 similis:
1295 1537 1558 1590 aest-ate
1610 1524 1890 1590 incluso
1929 1524 2197 1618 frigore
2250 1527 2502 1618 riget,

394 1640 870 1708 contentaque
917 1632 1079 1690 aere
1134 1643 1263 1690 suo
1294 1645 1436 1688 nec
1488 1620 1845 1692 desiderat
1893 1646 2140 1707 auras,
2206 1648 2343 1710 nec
2376 1627 2503 1692 ad-

389 1727 627 1796 mittit.
680 1719 843 1790 Post
872 1738 1246 1808 utramque
1285 1722 1934 1809 cryptoporticum,
1968 1725 2160 1792 unde
2201 1725 2502 1790 triclini·

388 1851 514 1900 um
571 1821 867 1902 des-init,
918 1815 1174 1908 incipit
1242 1819 1602 1906 porticus;
1674 1835 1838 1886 ante
1895 1824 2216 1889 medium
2261 1825 2500 1905 diem,

390 1925 712 1998 hibet-1533
765 1918 1108 1996 inclinato
1146 1921 1287 1998 die,
1320 1919 1600 1986 aestiva.
1645 1911 1787 1986 Hac
1832 1921 2187 1987 adeuntu'r
2229 1925 2504 1989 diaetae

394 2027 603 2100 duae,
640 2039 941 2106 quarum
984 2020 1059 2084 iu
1098 2019 1315 2084 altera
1358 2017 1689 2084 cubicula
1719 2035 2046 2106 quatuor,
2089 2023 2304 2088 altera
2343 2023 2500 2101 tria,

389 2123 470 2190 ut
508 2119 834 2187 'circumit
886 2119 1028 2197 sol,
1084 2133 1199 2182 aut
1238 2119 1389 2183 sole
1427 2127 1763 2197 utuntur,
1819 2134 1936 2185 aut
1974 2122 2242 2187 umbra·
2302 2121 2506 2189 Hanc

391 2217 929 2306 dispositionem
953 2215 1953 2302 amoenitatemqufiectorum
1985 2222 2196 2310 longe
2215 2221 2504 2306 lateque
2555 2281 2564 2291 ,

392 2315 761 2408 praecedit
796 2317 1350 2414 hippodromus:
1400 2319 1686 2400 medius,
1743 2320 2033 2405 patescit
2058 2367 2100 2399 ,,
2129 2319 2500 2405 statimque

394 2415 811 2484 intrantium
840 2415 1075 2482 oculis
1108 2431 1291 2480 totus
1324 2417 1656 2497 offertur,
1705 2419 2004 2503 platanis
2057 2419 2497 2486 circumitur.-

394 2517 567 2584 ulae
600 2517 863 2582 hedera
894 2515 1285 2582 vestiuntur
1306 2555 1329 2596 ‚
1358 2530 1582 2602 utque
1623 2537 1937 2587 summae
1965 2518 2150 2601 suis,
2185 2521 2282 2584 ita
2317 2519 2504 2586 imao

1715 2808 1741 2847 l
