<?xml version="1.0" encoding="UTF-8"?>
<!DOCTYPE html PUBLIC "-//W3C//DTD XHTML 1.0 Transitional//EN"
    "http://www.w3.org/TR/xhtml1/DTD/xhtml1-transitional.dtd">
<html xmlns="http://www.w3.org/1999/xhtml" xml:lang="en" lang="en">
 <head>
  <title>
</title>
<meta http-equiv="Content-Type" content="text/html;charset=utf-8" />
  <meta name='ocr-system' content='tesseract 3.04.00' />
  <meta name='ocr-capabilities' content='ocr_page ocr_carea ocr_par ocr_line ocrx_word'/>
</head>
<body>
  <div class='ocr_page' id='page_1' title='image "./caiipliniicaeci02schgoog_0336.png"; bbox 0 0 2825 4642; ppageno 0'>
   <div class='ocr_carea' id='block_1_1' title="bbox 1229 275 1820 364">
    <p class='ocr_par' dir='ltr' id='par_1_1' title="bbox 1229 275 1820 364">
     <span class='ocr_line' id='line_1_1' title="bbox 1229 275 1820 364; baseline 0.007 -26"><span class='ocrx_word' id='word_1_1' title='bbox 1229 275 1571 364; x_wconf 38' lang='lat' dir='ltr'>...r-2⁶</span> <span class='ocrx_word' id='word_1_2' title='bbox 1718 317 1820 342; x_wconf 80' lang='grc'><strong>..-</strong></span> 
     </span>
    </p>
   </div>
   <div class='ocr_carea' id='block_1_2' title="bbox 441 467 2629 2440">
    <p class='ocr_par' dir='ltr' id='par_1_2' title="bbox 441 467 2629 2440">
     <span class='ocr_line' id='line_1_2' title="bbox 455 467 2565 556; baseline -0.002 -14"><span class='ocrx_word' id='word_1_3' title='bbox 455 472 644 542; x_wconf 69' lang='lat' dir='ltr'><strong>Ante</strong></span> <span class='ocrx_word' id='word_1_4' title='bbox 677 472 916 538; x_wconf 83' lang='lat' dir='ltr'><strong>lucem</strong></span> <span class='ocrx_word' id='word_1_5' title='bbox 957 471 1100 536; x_wconf 82' lang='lat' dir='ltr'><strong>ibat</strong></span> <span class='ocrx_word' id='word_1_6' title='bbox 1150 469 1238 536; x_wconf 82' lang='lat' dir='ltr'><strong>ad</strong></span> <span class='ocrx_word' id='word_1_7' title='bbox 1273 467 1791 556; x_wconf 69' lang='lat' dir='ltr'>Vespasianum</span> <span class='ocrx_word' id='word_1_8' title='bbox 1816 468 2319 554; x_wconf 80' lang='lat' dir='ltr'><strong>imperatorem</strong></span> <span class='ocrx_word' id='word_1_9' title='bbox 2368 467 2565 556; x_wconf 85' lang='lat' dir='ltr'><strong>(nam</strong></span> 
     </span>
     <span class='ocr_line' id='line_1_3' title="bbox 453 565 2575 658; baseline 0 -24"><span class='ocrx_word' id='word_1_10' title='bbox 453 570 591 634; x_wconf 86' lang='lat' dir='ltr'><strong>ille</strong></span> <span class='ocrx_word' id='word_1_11' title='bbox 643 593 932 656; x_wconf 87' lang='lat' dir='ltr'><strong>quoque</strong></span> <span class='ocrx_word' id='word_1_12' title='bbox 982 569 1310 636; x_wconf 77' lang='lat' dir='ltr'><strong>noctibus</strong></span> <span class='ocrx_word' id='word_1_13' title='bbox 1357 568 1741 656; x_wconf 83' lang='lat' dir='ltr'><strong>utebatur),</strong></span> <span class='ocrx_word' id='word_1_14' title='bbox 1813 567 1983 634; x_wconf 88' lang='lat' dir='ltr'><strong>inde</strong></span> <span class='ocrx_word' id='word_1_15' title='bbox 2035 569 2124 632; x_wconf 86' lang='lat' dir='ltr'><strong>ad</strong></span> <span class='ocrx_word' id='word_1_16' title='bbox 2168 565 2575 658; x_wconf 83' lang='lat' dir='ltr'><strong>delegatum</strong></span> 
     </span>
     <span class='ocr_line' id='line_1_4' title="bbox 455 665 2571 754; baseline -0 -21"><span class='ocrx_word' id='word_1_17' title='bbox 455 665 592 733; x_wconf 85' lang='lat' dir='ltr'><strong>sibi</strong></span> <span class='ocrx_word' id='word_1_18' title='bbox 632 669 1000 752; x_wconf 74' lang='lat' dir='ltr'><strong>officium3</strong></span> <span class='ocrx_word' id='word_1_19' title='bbox 1037 689 1352 740; x_wconf 73' lang='lat' dir='ltr'><strong>reversus</strong></span> <span class='ocrx_word' id='word_1_20' title='bbox 1391 668 1683 731; x_wconf 88' lang='lat' dir='ltr'><strong>domum</strong></span> <span class='ocrx_word' id='word_1_21' title='bbox 1706 713 1725 744; x_wconf 90' lang='lat'><strong>,</strong></span> <span class='ocrx_word' id='word_1_22' title='bbox 1781 668 1974 754; x_wconf 87' lang='lat' dir='ltr'><strong>quod</strong></span> <span class='ocrx_word' id='word_1_23' title='bbox 2027 667 2388 753; x_wconf 85' lang='lat' dir='ltr'><strong>reliquum</strong></span> <span class='ocrx_word' id='word_1_24' title='bbox 2422 683 2571 735; x_wconf 88' lang='lat' dir='ltr'><strong>erat</strong></span> 
     </span>
     <span class='ocr_line' id='line_1_5' title="bbox 450 761 2568 861; baseline 0.001 -32"><span class='ocrx_word' id='word_1_25' title='bbox 450 769 829 854; x_wconf 73' lang='lat' dir='ltr'><strong>temporiS,</strong></span> <span class='ocrx_word' id='word_1_26' title='bbox 901 767 1148 836; x_wconf 79' lang='lat' dir='ltr'><strong>studiis</strong></span> <span class='ocrx_word' id='word_1_27' title='bbox 1191 765 1563 861; x_wconf 31' lang='lat' dir='ltr'><strong>reddebat..</strong></span> <span class='ocrx_word' id='word_1_28' title='bbox 1612 761 1770 833; x_wconf 85' lang='lat' dir='ltr'><strong>Post</strong></span> <span class='ocrx_word' id='word_1_29' title='bbox 1804 765 2045 832; x_wconf 83' lang='lat' dir='ltr'><strong>eibum</strong></span> <span class='ocrx_word' id='word_1_30' title='bbox 2065 763 2314 852; x_wconf 84' lang='lat' dir='ltr'><strong>saepe,</strong></span> <span class='ocrx_word' id='word_1_31' title='bbox 2352 787 2568 851; x_wconf 88' lang='lat' dir='ltr'><strong>quem</strong></span> 
     </span>
     <span class='ocr_line' id='line_1_6' title="bbox 441 861 2569 946; baseline 0 -17"><span class='ocrx_word' id='word_1_32' title='bbox 441 861 770 932; x_wconf 75' lang='lat' dir='ltr'><strong>interdiu</strong></span> <span class='ocrx_word' id='word_1_33' title='bbox 797 867 1028 932; x_wconf 80' lang='lat' dir='ltr'><strong>levem</strong></span> <span class='ocrx_word' id='word_1_34' title='bbox 1076 877 1145 930; x_wconf 85' lang='lat' dir='ltr'><strong>et</strong></span> <span class='ocrx_word' id='word_1_35' title='bbox 1193 865 1524 944; x_wconf 79' lang='lat' dir='ltr'><strong>facilem,</strong></span> <span class='ocrx_word' id='word_1_36' title='bbox 1557 879 1877 931; x_wconf 85' lang='lat' dir='ltr'><strong>veterum</strong></span> <span class='ocrx_word' id='word_1_37' title='bbox 1933 885 2169 945; x_wconf 81' lang='lat' dir='ltr'><strong>more,</strong></span> <span class='ocrx_word' id='word_1_38' title='bbox 2204 865 2569 946; x_wconf 83' lang='lat' dir='ltr'><strong>sumebat,</strong></span> 
     </span>
     <span class='ocr_line' id='line_1_7' title="bbox 453 955 2562 1054; baseline 0 -24"><span class='ocrx_word' id='word_1_39' title='bbox 453 977 712 1032; x_wconf 77' lang='lat' dir='ltr'><strong>aestate</strong></span> <span class='ocrx_word' id='word_1_40' title='bbox 735 1011 757 1044; x_wconf 86' lang='lat'><em>‚</em></span> <span class='ocrx_word' id='word_1_41' title='bbox 807 967 864 1029; x_wconf 88' lang='lat' dir='ltr'><strong>si</strong></span> <span class='ocrx_word' id='word_1_42' title='bbox 917 965 1093 1052; x_wconf 86' lang='lat' dir='ltr'><strong>quid</strong></span> <span class='ocrx_word' id='word_1_43' title='bbox 1133 965 1302 1053; x_wconf 81' lang='lat' dir='ltr'><strong>otii,</strong></span> <span class='ocrx_word' id='word_1_44' title='bbox 1351 963 1625 1043; x_wconf 82' lang='lat' dir='ltr'><strong>jacebat</strong></span> <span class='ocrx_word' id='word_1_45' title='bbox 1658 965 1735 1027; x_wconf 84' lang='lat' dir='ltr'><strong>in</strong></span> <span class='ocrx_word' id='word_1_46' title='bbox 1776 965 1964 1032; x_wconf 71' lang='lat' dir='ltr'><strong>solet</strong></span> <span class='ocrx_word' id='word_1_47' title='bbox 2030 963 2220 1030; x_wconf 83' lang='lat' dir='ltr'><strong>liber</strong></span> <span class='ocrx_word' id='word_1_48' title='bbox 2276 955 2562 1054; x_wconf 74' lang='lat' dir='ltr'><strong>leg&#39;eba-</strong></span> 
     </span>
     <span class='ocr_line' id='line_1_8' title="bbox 445 1040 2562 1153; baseline -0 -25"><span class='ocrx_word' id='word_1_49' title='bbox 445 1071 603 1128; x_wconf 76' lang='lat' dir='ltr'><strong>tur:</strong></span> <span class='ocrx_word' id='word_1_50' title='bbox 673 1065 1050 1132; x_wconf 86' lang='lat' dir='ltr'><strong>adnotabat</strong></span> <span class='ocrx_word' id='word_1_51' title='bbox 1111 1040 1703 1150; x_wconf 38' lang='lat' dir='ltr'><strong>excerpebabque.</strong></span> <span class='ocrx_word' id='word_1_52' title='bbox 1818 1061 2018 1128; x_wconf 84' lang='lat' dir='ltr'><strong>Nihil</strong></span> <span class='ocrx_word' id='word_1_53' title='bbox 2106 1063 2301 1128; x_wconf 87' lang='lat' dir='ltr'><strong>enim</strong></span> <span class='ocrx_word' id='word_1_54' title='bbox 2350 1065 2562 1153; x_wconf 84' lang='lat' dir='ltr'><strong>legit,</strong></span> 
     </span>
     <span class='ocr_line' id='line_1_9' title="bbox 451 1159 2562 1250; baseline -0.001 -22"><span class='ocrx_word' id='word_1_55' title='bbox 451 1163 651 1247; x_wconf 81' lang='lat' dir='ltr'><strong>quod</strong></span> <span class='ocrx_word' id='word_1_56' title='bbox 691 1187 836 1228; x_wconf 87' lang='lat' dir='ltr'><strong>non</strong></span> <span class='ocrx_word' id='word_1_57' title='bbox 889 1177 1321 1250; x_wconf 79' lang='lat' dir='ltr'>excerperet.</span> <span class='ocrx_word' id='word_1_58' title='bbox 1420 1160 1674 1228; x_wconf 79' lang='lat' dir='ltr'><strong>Dicere</strong></span> <span class='ocrx_word' id='word_1_59' title='bbox 1727 1161 1937 1228; x_wconf 85' lang='lat' dir='ltr'><strong>etiam</strong></span> <span class='ocrx_word' id='word_1_60' title='bbox 1988 1159 2297 1240; x_wconf 81' lang='lat' dir='ltr'><strong>solebat,</strong></span> <span class='ocrx_word' id='word_1_61' title='bbox 2369 1187 2419 1228; x_wconf 84' lang='lat' dir='ltr'><strong>n</strong></span> <span class='ocrx_word' id='word_1_62' title='bbox 2441 1163 2562 1228; x_wconf 91' lang='lat' dir='ltr'><strong>ul-</strong></span> 
     </span>
     <span class='ocr_line' id='line_1_10' title="bbox 451 1261 2557 1358; baseline -0.001 -31"><span class='ocrx_word' id='word_1_63' title='bbox 451 1261 650 1327; x_wconf 79' lang='lat' dir='ltr'><strong>lum</strong></span> <span class='ocrx_word' id='word_1_64' title='bbox 721 1282 924 1358; x_wconf 46' lang='lat' dir='ltr'><strong>ess-e</strong></span> <span class='ocrx_word' id='word_1_65' title='bbox 991 1261 1342 1328; x_wconf 73' lang='lat' dir='ltr'><strong>librum</strong></span> <span class='ocrx_word' id='word_1_66' title='bbox 1387 1275 1559 1326; x_wconf 90' lang='lat' dir='ltr'><strong>tam</strong></span> <span class='ocrx_word' id='word_1_67' title='bbox 1592 1261 1963 1340; x_wconf 77' lang='lat' dir='ltr'><strong>malum,</strong></span> <span class='ocrx_word' id='word_1_68' title='bbox 2018 1273 2115 1327; x_wconf 88' lang='lat' dir='ltr'><strong>ut</strong></span> <span class='ocrx_word' id='word_1_69' title='bbox 2158 1283 2345 1329; x_wconf 83' lang='lat' dir='ltr'><strong>nou</strong></span> <span class='ocrx_word' id='word_1_70' title='bbox 2398 1261 2557 1332; x_wconf 86' lang='lat' dir='ltr'><strong>ali-</strong></span> 
     </span>
     <span class='ocr_line' id='line_1_11' title="bbox 455 1359 2567 1458; baseline 0 -33"><span class='ocrx_word' id='word_1_71' title='bbox 455 1381 628 1444; x_wconf 84' lang='lat' dir='ltr'><strong>qua</strong></span> <span class='ocrx_word' id='word_1_72' title='bbox 658 1373 925 1446; x_wconf 84' lang='lat' dir='ltr'><strong>parte</strong></span> <span class='ocrx_word' id='word_1_73' title='bbox 1007 1381 1167 1444; x_wconf 83' lang='lat' dir='ltr'><strong>pro</strong></span> <span class='ocrx_word' id='word_1_74' title='bbox 1194 1361 1298 1426; x_wconf 91' lang='lat' dir='ltr'><strong>de</strong></span> <span class='ocrx_word' id='word_1_75' title='bbox 1323 1373 1519 1458; x_wconf 56' lang='lat' dir='ltr'><strong>sset.</strong></span> <span class='ocrx_word' id='word_1_76' title='bbox 1625 1359 1789 1426; x_wconf 89' lang='lat' dir='ltr'><strong>Post</strong></span> <span class='ocrx_word' id='word_1_77' title='bbox 1844 1361 2069 1426; x_wconf 81' lang='lat' dir='ltr'><strong>solem</strong></span> <span class='ocrx_word' id='word_1_78' title='bbox 2138 1359 2567 1448; x_wconf 81' lang='lat' dir='ltr'><strong>plerumque</strong></span> 
     </span>
     <span class='ocr_line' id='line_1_12' title="bbox 452 1457 2567 1548; baseline 0.001 -26"><span class='ocrx_word' id='word_1_79' title='bbox 452 1457 742 1545; x_wconf 70' lang='lat' dir='ltr'><strong>frigida·</strong></span> <span class='ocrx_word' id='word_1_80' title='bbox 790 1457 1150 1526; x_wconf 79' lang='lat' dir='ltr'><strong>lavabatur</strong></span> <span class='ocrx_word' id='word_1_81' title='bbox 1174 1484 1196 1538; x_wconf 77' lang='lat'><em>3</em></span> <span class='ocrx_word' id='word_1_82' title='bbox 1259 1459 1523 1526; x_wconf 89' lang='lat' dir='ltr'><strong>deinde</strong></span> <span class='ocrx_word' id='word_1_83' title='bbox 1578 1458 1894 1548; x_wconf 82' lang='lat' dir='ltr'><strong>gustabat</strong></span> <span class='ocrx_word' id='word_1_84' title='bbox 1922 1504 1940 1537; x_wconf 93' lang='lat'><strong>‚</strong></span> <span class='ocrx_word' id='word_1_85' title='bbox 2026 1457 2567 1545; x_wconf 83' lang='lat' dir='ltr'><strong>dormiebatque</strong></span> 
     </span>
     <span class='ocr_line' id='line_1_13' title="bbox 450 1555 2568 1648; baseline -0 -26"><span class='ocrx_word' id='word_1_86' title='bbox 450 1555 853 1648; x_wconf 62' lang='lat' dir='ltr'><strong>minimum.</strong></span> <span class='ocrx_word' id='word_1_87' title='bbox 899 1598 904 1604; x_wconf 84' lang='lat'><em>-</em></span> <span class='ocrx_word' id='word_1_88' title='bbox 953 1557 1156 1638; x_wconf 81' lang='lat' dir='ltr'><strong>Mox,</strong></span> <span class='ocrx_word' id='word_1_89' title='bbox 1225 1559 1423 1644; x_wconf 82' lang='lat' dir='ltr'><strong>quasi</strong></span> <span class='ocrx_word' id='word_1_90' title='bbox 1472 1556 1614 1622; x_wconf 59' lang='lat' dir='ltr'><strong>aiio</strong></span> <span class='ocrx_word' id='word_1_91' title='bbox 1666 1558 1820 1635; x_wconf 91' lang='lat' dir='ltr'><strong>die,</strong></span> <span class='ocrx_word' id='word_1_92' title='bbox 1890 1559 2212 1624; x_wconf 75' lang='lat' dir='ltr'><strong>studebat</strong></span> <span class='ocrx_word' id='word_1_93' title='bbox 2259 1555 2355 1628; x_wconf 64' lang='lat' dir='ltr'><strong>in„</strong></span> <span class='ocrx_word' id='word_1_94' title='bbox 2404 1578 2568 1621; x_wconf 85' lang='lat' dir='ltr'><strong>eoo·</strong></span> 
     </span>
     <span class='ocr_line' id='line_1_14' title="bbox 457 1653 2567 1744; baseline -0 -22"><span class='ocrx_word' id='word_1_95' title='bbox 457 1677 596 1722; x_wconf 81' lang='lat' dir='ltr'><strong>nae</strong></span> <span class='ocrx_word' id='word_1_96' title='bbox 632 1671 908 1740; x_wconf 82' lang='lat' dir='ltr'><strong>tempus</strong></span> <span class='ocrx_word' id='word_1_97' title='bbox 933 1681 952 1718; x_wconf 75' lang='lat' dir='ltr'><em>z</em></span> <span class='ocrx_word' id='word_1_98' title='bbox 1003 1678 1214 1742; x_wconf 84' lang='lat' dir='ltr'><strong>super</strong></span> <span class='ocrx_word' id='word_1_99' title='bbox 1245 1657 1429 1720; x_wconf 81' lang='lat' dir='ltr'><strong>hano</strong></span> <span class='ocrx_word' id='word_1_100' title='bbox 1470 1655 1656 1744; x_wconf 70' lang='lat' dir='ltr'><strong>iiber</strong></span> <span class='ocrx_word' id='word_1_101' title='bbox 1699 1655 2115 1743; x_wconf 86' lang='lat' dir='ltr'><strong>legebatur,</strong></span> <span class='ocrx_word' id='word_1_102' title='bbox 2188 1653 2567 1722; x_wconf 85' lang='lat' dir='ltr'><strong>adnotaba-</strong></span> 
     </span>
     <span class='ocr_line' id='line_1_15' title="bbox 453 1753 2571 1840; baseline 0.002 -24"><span class='ocrx_word' id='word_1_103' title='bbox 453 1765 572 1834; x_wconf 67' lang='lat' dir='ltr'><strong>tur</strong></span> <span class='ocrx_word' id='word_1_104' title='bbox 591 1799 611 1832; x_wconf 92' lang='lat'><strong>‚</strong></span> <span class='ocrx_word' id='word_1_105' title='bbox 667 1767 735 1818; x_wconf 86' lang='lat' dir='ltr'><strong>et</strong></span> <span class='ocrx_word' id='word_1_106' title='bbox 769 1753 1066 1840; x_wconf 83' lang='lat' dir='ltr'><strong>quidem</strong></span> <span class='ocrx_word' id='word_1_107' title='bbox 1102 1754 1383 1820; x_wconf 83' lang='lat' dir='ltr'><strong>cursim.</strong></span> <span class='ocrx_word' id='word_1_108' title='bbox 1437 1753 1773 1831; x_wconf 87' lang='lat' dir='ltr'><strong>Memini,</strong></span> <span class='ocrx_word' id='word_1_109' title='bbox 1830 1757 2212 1837; x_wconf 84' lang='lat' dir='ltr'><strong>quemdam</strong></span> <span class='ocrx_word' id='word_1_110' title='bbox 2258 1775 2341 1819; x_wconf 85' lang='lat' dir='ltr'><strong>ex</strong></span> <span class='ocrx_word' id='word_1_111' title='bbox 2395 1754 2571 1820; x_wconf 86' lang='lat' dir='ltr'><strong>ami-</strong></span> 
     </span>
     <span class='ocr_line' id='line_1_16' title="bbox 455 1843 2564 1947; baseline 0 -29"><span class='ocrx_word' id='word_1_112' title='bbox 455 1850 556 1918; x_wconf 79' lang='lat' dir='ltr'><strong>eis</strong></span> <span class='ocrx_word' id='word_1_113' title='bbox 577 1897 596 1930; x_wconf 92' lang='lat'>,</span> <span class='ocrx_word' id='word_1_114' title='bbox 649 1873 873 1940; x_wconf 77' lang='lat' dir='ltr'><strong>quum</strong></span> <span class='ocrx_word' id='word_1_115' title='bbox 919 1843 1147 1918; x_wconf 80' lang='lat' dir='ltr'><strong>lector</strong></span> <span class='ocrx_word' id='word_1_116' title='bbox 1195 1852 1543 1938; x_wconf 86' lang='lat' dir='ltr'><strong>quaedam</strong></span> <span class='ocrx_word' id='word_1_117' title='bbox 1574 1872 1945 1947; x_wconf 81' lang='lat' dir='ltr'><strong>perperam</strong></span> <span class='ocrx_word' id='word_1_118' title='bbox 2006 1853 2564 1937; x_wconf 81' lang='lat' dir='ltr'><strong>pronuntiasset,</strong></span> 
     </span>
     <span class='ocr_line' id='line_1_17' title="bbox 457 1949 2564 2040; baseline 0.001 -26"><span class='ocrx_word' id='word_1_119' title='bbox 457 1969 821 2016; x_wconf 79' lang='lat' dir='ltr'><strong>revocasse</strong></span> <span class='ocrx_word' id='word_1_120' title='bbox 855 1964 925 2014; x_wconf 89' lang='lat' dir='ltr'><strong>et</strong></span> <span class='ocrx_word' id='word_1_121' title='bbox 957 1952 1185 2040; x_wconf 82' lang='lat' dir='ltr'><strong>repeti</strong></span> <span class='ocrx_word' id='word_1_122' title='bbox 1236 1952 1547 2040; x_wconf 63' lang='lat' dir='ltr'><strong>coegisse</strong></span> <span class='ocrx_word' id='word_1_123' title='bbox 1572 1997 1592 2030; x_wconf 89' lang='lat'>,</span> <span class='ocrx_word' id='word_1_124' title='bbox 1626 1951 1794 2014; x_wconf 83' lang='lat' dir='ltr'><strong>huic</strong></span> <span class='ocrx_word' id='word_1_125' title='bbox 1835 1949 2264 2016; x_wconf 76' lang='lat' dir='ltr'><strong>avunculum</strong></span> <span class='ocrx_word' id='word_1_126' title='bbox 2322 1972 2564 2016; x_wconf 88' lang='lat' dir='ltr'><strong>meum</strong></span> 
     </span>
     <span class='ocr_line' id='line_1_18' title="bbox 463 2043 2629 2136; baseline -0.002 -24"><span class='ocrx_word' id='word_1_127' title='bbox 463 2045 758 2114; x_wconf 81' lang='lat' dir='ltr'><strong>dixisse:</strong></span> <span class='ocrx_word' id='word_1_128' title='bbox 824 2043 1491 2116; x_wconf 77' lang='lat' dir='ltr'><strong>intellexeras</strong></span> <span class='ocrx_word' id='word_1_129' title='bbox 1546 2055 1923 2136; x_wconf 76' lang='lat' dir='ltr'><strong>nempe?</strong></span> <span class='ocrx_word' id='word_1_130' title='bbox 1990 2071 2213 2135; x_wconf 89' lang='lat' dir='ltr'><strong>quum</strong></span> <span class='ocrx_word' id='word_1_131' title='bbox 2264 2047 2395 2114; x_wconf 86' lang='lat' dir='ltr'><strong>ille</strong></span> <span class='ocrx_word' id='word_1_132' title='bbox 2445 2049 2629 2114; x_wconf 84' lang='lat' dir='ltr'><strong>ad·.</strong></span> 
     </span>
     <span class='ocr_line' id='line_1_19' title="bbox 461 2147 2568 2238; baseline 0 -26"><span class='ocrx_word' id='word_1_133' title='bbox 461 2148 770 2214; x_wconf 73' lang='lat' dir='ltr'><strong>auisset:</strong></span> <span class='ocrx_word' id='word_1_134' title='bbox 853 2147 1030 2212; x_wconf 84' lang='lat' dir='ltr'><strong>Cur</strong></span> <span class='ocrx_word' id='word_1_135' title='bbox 1069 2169 1288 2238; x_wconf 82' lang='lat' dir='ltr'><strong>ergo</strong></span> <span class='ocrx_word' id='word_1_136' title='bbox 1380 2147 1834 2231; x_wconf 69' lang='lat' dir='ltr'><strong>revoqab³a</strong></span> <span class='ocrx_word' id='word_1_137' title='bbox 1862 2155 1941 2218; x_wconf 74' lang='lat' dir='ltr'><strong>s?</strong></span> <span class='ocrx_word' id='word_1_138' title='bbox 2011 2150 2331 2214; x_wconf 80' lang='lat' dir='ltr'><strong>decem</strong></span> <span class='ocrx_word' id='word_1_139' title='bbox 2380 2167 2568 2214; x_wconf 75' lang='lat' dir='ltr'><strong>-amo</strong></span> 
     </span>
     <span class='ocr_line' id='line_1_20' title="bbox 461 2237 2564 2335; baseline 0.001 -26"><span class='ocrx_word' id='word_1_140' title='bbox 461 2246 728 2334; x_wconf 81' lang='lat' dir='ltr'><strong>plius</strong></span> <span class='ocrx_word' id='word_1_141' title='bbox 770 2237 1034 2314; x_wconf 85' lang='lat' dir='ltr'><strong>versu</strong></span> <span class='ocrx_word' id='word_1_142' title='bbox 1061 2251 1272 2316; x_wconf 82' lang='lat' dir='ltr'><strong>shao</strong></span> <span class='ocrx_word' id='word_1_143' title='bbox 1315 2263 1404 2314; x_wconf 90' lang='lat' dir='ltr'><strong>tu</strong></span> <span class='ocrx_word' id='word_1_144' title='bbox 1438 2269 1474 2314; x_wconf 92' lang='lat' dir='ltr'><strong>a</strong></span> <span class='ocrx_word' id='word_1_145' title='bbox 1508 2249 2329 2335; x_wconf 84' lang='lat' dir='ltr'><strong>interpellatione</strong></span> <span class='ocrx_word' id='word_1_146' title='bbox 2368 2263 2564 2333; x_wconf 81' lang='lat' dir='ltr'><strong>per·</strong></span> 
     </span>
     <span class='ocr_line' id='line_1_21' title="bbox 470 2337 2567 2440; baseline -0.001 -29"><span class='ocrx_word' id='word_1_147' title='bbox 470 2343 897 2414; x_wconf 80' lang='lat' dir='ltr'><strong>didimus.</strong></span> <span class='ocrx_word' id='word_1_148' title='bbox 997 2337 1240 2416; x_wconf 80' lang='lat' dir='ltr'><strong>Tanta</strong></span> <span class='ocrx_word' id='word_1_149' title='bbox 1279 2359 1427 2416; x_wconf 84' lang='lat' dir='ltr'><strong>erat</strong></span> <span class='ocrx_word' id='word_1_150' title='bbox 1470 2349 1897 2440; x_wconf 77' lang='lat' dir='ltr'><strong>parsimonia</strong></span> <span class='ocrx_word' id='word_1_151' title='bbox 1944 2348 2303 2435; x_wconf 69' lang='lat' dir='ltr'><strong>temporis.</strong></span> <span class='ocrx_word' id='word_1_152' title='bbox 2404 2345 2567 2410; x_wconf 72' lang='lat' dir='ltr'><strong>Sur·</strong></span> 
     </span>
    </p>
   </div>
  </div>
 </body>
</html>
