<?xml version="1.0" encoding="UTF-8"?>
<!DOCTYPE html PUBLIC "-//W3C//DTD XHTML 1.0 Transitional//EN"
    "http://www.w3.org/TR/xhtml1/DTD/xhtml1-transitional.dtd">
<html xmlns="http://www.w3.org/1999/xhtml" xml:lang="en" lang="en">
 <head>
  <title>
</title>
<meta http-equiv="Content-Type" content="text/html;charset=utf-8" />
  <meta name='ocr-system' content='tesseract 3.04.00' />
  <meta name='ocr-capabilities' content='ocr_page ocr_carea ocr_par ocr_line ocrx_word'/>
</head>
<body>
  <div class='ocr_page' id='page_1' title='image "./caiipliniicaeci02schgoog_0438.png"; bbox 0 0 2825 4642; ppageno 0'>
   <div class='ocr_carea' id='block_1_1' title="bbox 1110 222 1754 315">
    <p class='ocr_par' dir='ltr' id='par_1_1' title="bbox 1110 222 1754 315">
     <span class='ocr_line' id='line_1_1' title="bbox 1110 222 1754 315; baseline 0 -26"><span class='ocrx_word' id='word_1_1' title='bbox 1110 268 1215 289; x_wconf 82' lang='grc'><strong>..-</strong></span> <span class='ocrx_word' id='word_1_2' title='bbox 1368 248 1504 315; x_wconf 73' lang='lat'><strong>128</strong></span> <span class='ocrx_word' id='word_1_3' title='bbox 1619 222 1754 289; x_wconf 83' lang='lat'><em>&#39;.·....</em></span> 
     </span>
    </p>
   </div>
   <div class='ocr_carea' id='block_1_2' title="bbox 398 422 2518 613">
    <p class='ocr_par' dir='ltr' id='par_1_2' title="bbox 398 422 2518 613">
     <span class='ocr_line' id='line_1_2' title="bbox 398 422 2512 519; baseline 0 -26"><span class='ocrx_word' id='word_1_4' title='bbox 398 448 517 503; x_wconf 65' lang='lat' dir='ltr'><strong>nne</strong></span> <span class='ocrx_word' id='word_1_5' title='bbox 547 426 891 517; x_wconf 66' lang='lat' dir='ltr'><strong>corporis</strong></span> <span class='ocrx_word' id='word_1_6' title='bbox 940 424 1121 489; x_wconf 76' lang='lat' dir='ltr'><strong>vires</strong></span> <span class='ocrx_word' id='word_1_7' title='bbox 1170 426 1426 497; x_wconf 83' lang='lat' dir='ltr'><strong>iterato</strong></span> <span class='ocrx_word' id='word_1_8' title='bbox 1475 426 1724 491; x_wconf 80' lang='lat' dir='ltr'><strong>labore</strong></span> <span class='ocrx_word' id='word_1_9' title='bbox 1787 422 2246 519; x_wconf 61' lang='lat' dir='ltr'><strong>desererent,</strong></span> <span class='ocrx_word' id='word_1_10' title='bbox 2287 450 2512 514; x_wconf 76' lang='lat' dir='ltr'><strong>quem</strong></span> 
     </span>
     <span class='ocr_line' id='line_1_3' title="bbox 398 526 2518 613; baseline -0.001 -16"><span class='ocrx_word' id='word_1_11' title='bbox 398 528 767 597; x_wconf 82' lang='lat' dir='ltr'><strong>difficilius</strong></span> <span class='ocrx_word' id='word_1_12' title='bbox 818 539 921 589; x_wconf 84' lang='lat' dir='ltr'><strong>est</strong></span> <span class='ocrx_word' id='word_1_13' title='bbox 970 538 1345 613; x_wconf 82' lang='lat' dir='ltr'><strong>repetere,</strong></span> <span class='ocrx_word' id='word_1_14' title='bbox 1396 548 1612 611; x_wconf 87' lang='lat' dir='ltr'><strong>quam</strong></span> <span class='ocrx_word' id='word_1_15' title='bbox 1667 528 1994 612; x_wconf 76' lang='lat' dir='ltr'><strong>jungere.</strong></span> <span class='ocrx_word' id='word_1_16' title='bbox 2079 526 2244 594; x_wconf 84' lang='lat' dir='ltr'><strong>Erat</strong></span> <span class='ocrx_word' id='word_1_17' title='bbox 2296 530 2518 597; x_wconf 80' lang='lat' dir='ltr'><strong>etiam</strong></span> 
     </span>
    </p>
   </div>
   <div class='ocr_carea' id='block_1_3' title="bbox 386 623 2514 811">
    <p class='ocr_par' dir='ltr' id='par_1_3' title="bbox 386 623 2514 811">
     <span class='ocr_line' id='line_1_4' title="bbox 386 623 2514 722; baseline 0 -29"><span class='ocrx_word' id='word_1_18' title='bbox 386 626 845 722; x_wconf 68' lang='lat' dir='ltr'><strong>periculum,</strong></span> <span class='ocrx_word' id='word_1_19' title='bbox 897 644 989 687; x_wconf 89' lang='lat' dir='ltr'><strong>ne</strong></span> <span class='ocrx_word' id='word_1_20' title='bbox 1028 623 1303 709; x_wconf 84' lang='lat' dir='ltr'><strong>reliqua</strong></span> <span class='ocrx_word' id='word_1_21' title='bbox 1337 624 1522 706; x_wconf 84' lang='lat' dir='ltr'><strong>actio</strong></span> <span class='ocrx_word' id='word_1_22' title='bbox 1559 646 1716 691; x_wconf 87' lang='lat' dir='ltr'><strong>mea</strong></span> <span class='ocrx_word' id='word_1_23' title='bbox 1750 639 1846 689; x_wconf 91' lang='lat' dir='ltr'><strong>et</strong></span> <span class='ocrx_word' id='word_1_24' title='bbox 1861 623 2126 713; x_wconf 83' lang='lat' dir='ltr'><strong>frigus,</strong></span> <span class='ocrx_word' id='word_1_25' title='bbox 2175 638 2252 689; x_wconf 86' lang='lat' dir='ltr'><strong>ut</strong></span> <span class='ocrx_word' id='word_1_26' title='bbox 2283 628 2514 713; x_wconf 83' lang='lat' dir='ltr'><strong>depo·</strong></span> 
     </span>
     <span class='ocr_line' id='line_1_5' title="bbox 396 725 2506 811; baseline 0.001 -20"><span class='ocrx_word' id='word_1_27' title='bbox 396 730 577 807; x_wconf 78' lang='lat' dir='ltr'><strong>sita,</strong></span> <span class='ocrx_word' id='word_1_28' title='bbox 630 738 698 787; x_wconf 92' lang='lat' dir='ltr'><strong>et</strong></span> <span class='ocrx_word' id='word_1_29' title='bbox 748 725 1112 801; x_wconf 78' lang='lat' dir='ltr'><strong>taedium,</strong></span> <span class='ocrx_word' id='word_1_30' title='bbox 1184 739 1259 787; x_wconf 89' lang='lat' dir='ltr'><strong>ut</strong></span> <span class='ocrx_word' id='word_1_31' title='bbox 1308 738 1618 787; x_wconf 82' lang='lat' dir='ltr'>resumta</span> <span class='ocrx_word' id='word_1_32' title='bbox 1673 738 2053 811; x_wconf 81' lang='lat' dir='ltr'><strong>pateretur.</strong></span> <span class='ocrx_word' id='word_1_33' title='bbox 2163 728 2250 791; x_wconf 90' lang='lat' dir='ltr'><strong>Ut</strong></span> <span class='ocrx_word' id='word_1_34' title='bbox 2303 730 2506 793; x_wconf 85' lang='lat' dir='ltr'><strong>enim</strong></span> 
     </span>
    </p>
   </div>
   <div class='ocr_carea' id='block_1_4' title="bbox 342 822 2524 2805">
    <p class='ocr_par' dir='ltr' id='par_1_4' title="bbox 342 822 2524 2805">
     <span class='ocr_line' id='line_1_6' title="bbox 402 822 2518 912; baseline -0 -19"><span class='ocrx_word' id='word_1_35' title='bbox 402 828 593 893; x_wconf 80' lang='lat' dir='ltr'><strong>faces</strong></span> <span class='ocrx_word' id='word_1_36' title='bbox 628 824 867 912; x_wconf 85' lang='lat' dir='ltr'><strong>ignem</strong></span> <span class='ocrx_word' id='word_1_37' title='bbox 906 822 1198 885; x_wconf 82' lang='lat' dir='ltr'><strong>adsidua</strong></span> <span class='ocrx_word' id='word_1_38' title='bbox 1246 824 1709 887; x_wconf 80' lang='lat' dir='ltr'><strong>concussione</strong></span> <span class='ocrx_word' id='word_1_39' title='bbox 1763 824 2214 899; x_wconf 79' lang='lat' dir='ltr'><strong>custodiunt,</strong></span> <span class='ocrx_word' id='word_1_40' title='bbox 2273 826 2518 893; x_wconf 86' lang='lat' dir='ltr'><strong>dimis-</strong></span> 
     </span>
     <span class='ocr_line' id='line_1_7' title="bbox 368 922 2518 1011; baseline -0 -20"><span class='ocrx_word' id='word_1_41' title='bbox 368 934 557 995; x_wconf 66' lang='lat' dir='ltr'><strong>Jsum</strong></span> <span class='ocrx_word' id='word_1_42' title='bbox 597 922 989 1011; x_wconf 81' lang='lat' dir='ltr'>aegerrime</span> <span class='ocrx_word' id='word_1_43' title='bbox 1026 934 1355 1006; x_wconf 79' lang='lat' dir='ltr'><strong>reparant</strong></span> <span class='ocrx_word' id='word_1_44' title='bbox 1370 948 1391 1000; x_wconf 82' lang='lat'>5</span> <span class='ocrx_word' id='word_1_45' title='bbox 1449 924 1549 986; x_wconf 83' lang='lat' dir='ltr'><strong>sic</strong></span> <span class='ocrx_word' id='word_1_46' title='bbox 1587 930 1658 1009; x_wconf 72' lang='lat' dir='ltr'><strong>et</strong></span> <span class='ocrx_word' id='word_1_47' title='bbox 1697 922 2000 987; x_wconf 83' lang='lat' dir='ltr'><strong>dicentis</strong></span> <span class='ocrx_word' id='word_1_48' title='bbox 2050 926 2246 987; x_wconf 86' lang='lat' dir='ltr'><strong>calor</strong></span> <span class='ocrx_word' id='word_1_49' title='bbox 2285 934 2352 987; x_wconf 84' lang='lat' dir='ltr'><strong>et</strong></span> <span class='ocrx_word' id='word_1_50' title='bbox 2391 948 2518 990; x_wconf 89' lang='lat' dir='ltr'><strong>au·</strong></span> 
     </span>
     <span class='ocr_line' id='line_1_8' title="bbox 400 1020 2514 1107; baseline 0 -19"><span class='ocrx_word' id='word_1_51' title='bbox 400 1022 661 1089; x_wconf 84' lang='lat' dir='ltr'><strong>dientis</strong></span> <span class='ocrx_word' id='word_1_52' title='bbox 684 1022 999 1088; x_wconf 84' lang='lat' dir='ltr'><strong>,intentio</strong></span> <span class='ocrx_word' id='word_1_53' title='bbox 1030 1020 1566 1087; x_wconf 73' lang='lat' dir='ltr'><strong>continuatione</strong></span> <span class='ocrx_word' id='word_1_54' title='bbox 1589 1034 1923 1099; x_wconf 82' lang='lat' dir='ltr'><strong>servatur,</strong></span> <span class='ocrx_word' id='word_1_55' title='bbox 1963 1022 2514 1107; x_wconf 77' lang='lat' dir='ltr'><strong>intercapedine</strong></span> 
     </span>
     <span class='ocr_line' id='line_1_9' title="bbox 401 1118 2513 1207; baseline -0.001 -19"><span class='ocrx_word' id='word_1_56' title='bbox 401 1136 473 1188; x_wconf 84' lang='lat' dir='ltr'><strong>et</strong></span> <span class='ocrx_word' id='word_1_57' title='bbox 511 1121 707 1207; x_wconf 82' lang='lat' dir='ltr'><strong>quasi</strong></span> <span class='ocrx_word' id='word_1_58' title='bbox 746 1120 1161 1185; x_wconf 81' lang='lat' dir='ltr'><strong>remissione</strong></span> <span class='ocrx_word' id='word_1_59' title='bbox 1194 1118 1614 1207; x_wconf 77' lang='lat' dir='ltr'><strong>languescit.</strong></span> <span class='ocrx_word' id='word_1_60' title='bbox 1651 1120 1786 1186; x_wconf 84' lang='lat' dir='ltr'><strong>Sed</strong></span> <span class='ocrx_word' id='word_1_61' title='bbox 1807 1118 2051 1186; x_wconf 80' lang='lat' dir='ltr'><strong>Bassus</strong></span> <span class='ocrx_word' id='word_1_62' title='bbox 2089 1124 2330 1187; x_wconf 86' lang='lat' dir='ltr'><strong>multis</strong></span> <span class='ocrx_word' id='word_1_63' title='bbox 2351 1123 2513 1206; x_wconf 72' lang='lat' dir='ltr'><strong>pre-</strong></span> 
     </span>
     <span class='ocr_line' id='line_1_10' title="bbox 386 1218 2514 1307; baseline -0.002 -20"><span class='ocrx_word' id='word_1_64' title='bbox 386 1223 647 1304; x_wconf 59' lang='lat' dir='ltr'><strong>cibus,</strong></span> <span class='ocrx_word' id='word_1_65' title='bbox 680 1238 907 1304; x_wconf 86' lang='lat' dir='ltr'><strong>paene</strong></span> <span class='ocrx_word' id='word_1_66' title='bbox 948 1218 1179 1284; x_wconf 82' lang='lat' dir='ltr'><strong>etiam·</strong></span> <span class='ocrx_word' id='word_1_67' title='bbox 1210 1219 1564 1299; x_wconf 78' lang='lat' dir='ltr'><strong>lacrimis,</strong></span> <span class='ocrx_word' id='word_1_68' title='bbox 1625 1220 2076 1299; x_wconf 78' lang='lat' dir='ltr'><strong>obsecrabat,</strong></span> <span class='ocrx_word' id='word_1_69' title='bbox 2131 1222 2514 1307; x_wconf 78' lang='lat' dir='ltr'><strong>implerem</strong></span> 
     </span>
     <span class='ocr_line' id='line_1_11' title="bbox 402 1316 2520 1405; baseline -0.001 -18"><span class='ocrx_word' id='word_1_70' title='bbox 402 1340 649 1387; x_wconf 84' lang='lat' dir='ltr'><strong>meum</strong></span> <span class='ocrx_word' id='word_1_71' title='bbox 712 1330 1014 1401; x_wconf 84' lang='lat' dir='ltr'><strong>tempus.</strong></span> <span class='ocrx_word' id='word_1_72' title='bbox 1114 1316 1367 1395; x_wconf 72' lang='lat' dir='ltr'><strong>Parui,</strong></span> <span class='ocrx_word' id='word_1_73' title='bbox 1423 1320 1947 1405; x_wconf 85' lang='lat' dir='ltr'><strong>utilitatemque</strong></span> <span class='ocrx_word' id='word_1_74' title='bbox 2000 1323 2156 1399; x_wconf 73' lang='lat' dir='ltr'><strong>eius</strong></span> <span class='ocrx_word' id='word_1_75' title='bbox 2201 1322 2520 1405; x_wconf 84' lang='lat' dir='ltr'><strong>praetuli</strong></span> 
     </span>
     <span class='ocr_line' id='line_1_12' title="bbox 400 1417 2524 1497; baseline 0.001 -15"><span class='ocrx_word' id='word_1_76' title='bbox 400 1438 633 1489; x_wconf 79' lang='lat' dir='ltr'><strong>meae.</strong></span> <span class='ocrx_word' id='word_1_77' title='bbox 726 1417 916 1481; x_wconf 85' lang='lat' dir='ltr'><strong>Bene</strong></span> <span class='ocrx_word' id='word_1_78' title='bbox 966 1418 1229 1497; x_wconf 70' lang='lat' dir='ltr'><strong>cessit?</strong></span> <span class='ocrx_word' id='word_1_79' title='bbox 1279 1418 1523 1483; x_wconf 81' lang='lat' dir='ltr'><strong>inveni</strong></span> <span class='ocrx_word' id='word_1_80' title='bbox 1561 1420 1658 1484; x_wconf 85' lang='lat' dir='ltr'><strong>ita</strong></span> <span class='ocrx_word' id='word_1_81' title='bbox 1697 1430 1968 1485; x_wconf 83' lang='lat' dir='ltr'><strong>erectos</strong></span> <span class='ocrx_word' id='word_1_82' title='bbox 2007 1418 2276 1483; x_wconf 76' lang='lat' dir='ltr'><strong>anirnos</strong></span> <span class='ocrx_word' id='word_1_83' title='bbox 2315 1438 2524 1485; x_wconf 58' lang='lat' dir='ltr'><strong>seuab</strong></span> 
     </span>
     <span class='ocr_line' id='line_1_13' title="bbox 342 1516 2522 1605; baseline 0 -22"><span class='ocrx_word' id='word_1_84' title='bbox 342 1549 350 1558; x_wconf 88' lang='lat'><strong>·</strong></span> <span class='ocrx_word' id='word_1_85' title='bbox 406 1532 561 1602; x_wconf 59' lang='lat' dir='ltr'><strong>tuti,</strong></span> <span class='ocrx_word' id='word_1_86' title='bbox 624 1516 725 1581; x_wconf 84' lang='lat' dir='ltr'><strong>ita</strong></span> <span class='ocrx_word' id='word_1_87' title='bbox 754 1530 1115 1605; x_wconf 79' lang='lat' dir='ltr'><strong>recentes,</strong></span> <span class='ocrx_word' id='word_1_88' title='bbox 1165 1530 1244 1579; x_wconf 91' lang='lat' dir='ltr'><strong>ut</strong></span> <span class='ocrx_word' id='word_1_89' title='bbox 1294 1517 1532 1601; x_wconf 83' lang='lat' dir='ltr'><strong>priore</strong></span> <span class='ocrx_word' id='word_1_90' title='bbox 1591 1521 1874 1583; x_wconf 84' lang='lat' dir='ltr'><strong>actione</strong></span> <span class='ocrx_word' id='word_1_91' title='bbox 1923 1518 2190 1583; x_wconf 84' lang='lat' dir='ltr'><strong>incitati</strong></span> <span class='ocrx_word' id='word_1_92' title='bbox 2237 1516 2464 1604; x_wconf 72' lang='lat' dir='ltr'><strong>magis</strong></span> <span class='ocrx_word' id='word_1_93' title='bbox 2495 1562 2522 1595; x_wconf 89' lang='lat'><strong>,</strong></span> 
     </span>
     <span class='ocr_line' id='line_1_14' title="bbox 408 1568 2520 1720; baseline 0 -41"><span class='ocrx_word' id='word_1_94' title='bbox 408 1638 701 1720; x_wconf 73' lang='lat' dir='ltr'><strong>quam</strong></span> <span class='ocrx_word' id='word_1_95' title='bbox 666 1617 888 1680; x_wconf 87' lang='lat' dir='ltr'><strong>satiati</strong></span> <span class='ocrx_word' id='word_1_96' title='bbox 929 1568 1362 1689; x_wconf 60' lang='lat' dir='ltr'><strong>videi-entur.</strong></span> <span class='ocrx_word' id='word_1_97' title='bbox 1417 1616 1766 1684; x_wconf 83' lang='lat' dir='ltr'><strong>Successit</strong></span> <span class='ocrx_word' id='word_1_98' title='bbox 1821 1616 2000 1681; x_wconf 88' lang='lat' dir='ltr'><strong>mihi</strong></span> <span class='ocrx_word' id='word_1_99' title='bbox 2049 1615 2348 1696; x_wconf 83' lang='lat' dir='ltr'><strong>Lucejus</strong></span> <span class='ocrx_word' id='word_1_100' title='bbox 2391 1619 2520 1701; x_wconf 63' lang='lat' dir='ltr'><strong>Al·</strong></span> 
     </span>
     <span class='ocr_line' id='line_1_15' title="bbox 352 1699 2518 1801; baseline -0.002 -17.898"><span class='ocrx_word' id='word_1_101' title='bbox 352 1712 623 1801; x_wconf 81' lang='lat' dir='ltr'><strong>binus</strong></span> <span class='ocrx_word' id='word_1_102' title='bbox 673 1729 814 1780; x_wconf 85' lang='lat' dir='ltr'><strong>tam</strong></span> <span class='ocrx_word' id='word_1_103' title='bbox 850 1728 1037 1801; x_wconf 81' lang='lat' dir='ltr'><strong>apte,</strong></span> <span class='ocrx_word' id='word_1_104' title='bbox 1092 1727 1169 1777; x_wconf 91' lang='lat' dir='ltr'><strong>ut</strong></span> <span class='ocrx_word' id='word_1_105' title='bbox 1218 1714 1570 1783; x_wconf 80' lang='lat' dir='ltr'><strong>orationes</strong></span> <span class='ocrx_word' id='word_1_106' title='bbox 1611 1699 1888 1783; x_wconf 81' lang='lat' dir='ltr'><strong>nostrae</strong></span> <span class='ocrx_word' id='word_1_107' title='bbox 1943 1718 2348 1781; x_wconf 79' lang='lat' dir='ltr'><strong>varietatem</strong></span> <span class='ocrx_word' id='word_1_108' title='bbox 2380 1717 2518 1779; x_wconf 89' lang='lat' dir='ltr'><strong>du·</strong></span> 
     </span>
     <span class='ocr_line' id='line_1_16' title="bbox 409 1813 2522 1898; baseline -0.002 -17"><span class='ocrx_word' id='word_1_109' title='bbox 409 1836 645 1881; x_wconf 84' lang='lat' dir='ltr'><strong>arum.</strong></span> <span class='ocrx_word' id='word_1_110' title='bbox 700 1825 1101 1877; x_wconf 82' lang='lat' dir='ltr'><strong>contextum</strong></span> <span class='ocrx_word' id='word_1_111' title='bbox 1134 1813 1347 1877; x_wconf 85' lang='lat' dir='ltr'><strong>unius</strong></span> <span class='ocrx_word' id='word_1_112' title='bbox 1382 1814 1708 1880; x_wconf 79' lang='lat' dir='ltr'><strong>habuisse</strong></span> <span class='ocrx_word' id='word_1_113' title='bbox 1743 1815 2147 1883; x_wconf 82' lang='lat' dir='ltr'><strong>credantur.</strong></span> <span class='ocrx_word' id='word_1_114' title='bbox 2201 1816 2522 1898; x_wconf 84' lang='lat' dir='ltr'><strong>Respon-</strong></span> 
     </span>
     <span class='ocr_line' id='line_1_17' title="bbox 410 1890 2516 2005; baseline 0 -28"><span class='ocrx_word' id='word_1_115' title='bbox 410 1914 515 1977; x_wconf 87' lang='lat' dir='ltr'><strong>dit</strong></span> <span class='ocrx_word' id='word_1_116' title='bbox 566 1910 968 1977; x_wconf 85' lang='lat' dir='ltr'><strong>Herennius</strong></span> <span class='ocrx_word' id='word_1_117' title='bbox 1020 1890 1261 1977; x_wconf 87' lang='lat' dir='ltr'><strong>Pollio</strong></span> <span class='ocrx_word' id='word_1_118' title='bbox 1310 1914 1652 1979; x_wconf 86' lang='lat' dir='ltr'><strong>instanter</strong></span> <span class='ocrx_word' id='word_1_119' title='bbox 1730 1928 1798 1979; x_wconf 89' lang='lat' dir='ltr'><strong>et</strong></span> <span class='ocrx_word' id='word_1_120' title='bbox 1848 1916 2192 2005; x_wconf 79' lang='lat' dir='ltr'><strong>graviter:</strong></span> <span class='ocrx_word' id='word_1_121' title='bbox 2249 1905 2516 1977; x_wconf 85' lang='lat' dir='ltr'><strong>deinde</strong></span> 
     </span>
     <span class='ocr_line' id='line_1_18' title="bbox 406 2006 2515 2098; baseline -0.001 -21"><span class='ocrx_word' id='word_1_122' title='bbox 406 2006 882 2097; x_wconf 82' lang='lat' dir='ltr'><strong>Theophanes</strong></span> <span class='ocrx_word' id='word_1_123' title='bbox 915 2034 1184 2077; x_wconf 84' lang='lat' dir='ltr'><strong>rursus.</strong></span> <span class='ocrx_word' id='word_1_124' title='bbox 1238 2012 1437 2077; x_wconf 89' lang='lat' dir='ltr'><strong>Fecit</strong></span> <span class='ocrx_word' id='word_1_125' title='bbox 1489 2012 1686 2077; x_wconf 85' lang='lat' dir='ltr'><strong>enim</strong></span> <span class='ocrx_word' id='word_1_126' title='bbox 1721 2014 1860 2078; x_wconf 80' lang='lat' dir='ltr'><strong>hec</strong></span> <span class='ocrx_word' id='word_1_127' title='bbox 1897 2032 2225 2098; x_wconf 80' lang='lat' dir='ltr'><strong>quoque,</strong></span> <span class='ocrx_word' id='word_1_128' title='bbox 2285 2026 2361 2077; x_wconf 91' lang='lat' dir='ltr'><strong>ut</strong></span> <span class='ocrx_word' id='word_1_129' title='bbox 2401 2028 2515 2076; x_wconf 87' lang='lat' dir='ltr'><strong>ce·</strong></span> 
     </span>
     <span class='ocr_line' id='line_1_19' title="bbox 400 2110 2518 2199; baseline -0.002 -22"><span class='ocrx_word' id='word_1_130' title='bbox 400 2126 606 2189; x_wconf 78' lang='lat' dir='ltr'><strong>tera,</strong></span> <span class='ocrx_word' id='word_1_131' title='bbox 662 2110 1316 2195; x_wconf 85' lang='lat' dir='ltr'><strong>impudentissime,</strong></span> <span class='ocrx_word' id='word_1_132' title='bbox 1384 2110 1582 2196; x_wconf 78' lang='lat' dir='ltr'><strong>quod</strong></span> <span class='ocrx_word' id='word_1_133' title='bbox 1649 2127 1807 2199; x_wconf 81' lang='lat' dir='ltr'><strong>post</strong></span> <span class='ocrx_word' id='word_1_134' title='bbox 1879 2113 2097 2189; x_wconf 80' lang='lat' dir='ltr'><strong>dues,</strong></span> <span class='ocrx_word' id='word_1_135' title='bbox 2139 2126 2217 2177; x_wconf 86' lang='lat' dir='ltr'><strong>et</strong></span> <span class='ocrx_word' id='word_1_136' title='bbox 2261 2134 2518 2176; x_wconf 89' lang='lat' dir='ltr'><strong>consu-</strong></span> 
     </span>
     <span class='ocr_line' id='line_1_20' title="bbox 412 2211 2514 2299; baseline -0.002 -20"><span class='ocrx_word' id='word_1_137' title='bbox 412 2212 596 2279; x_wconf 76' lang='lat' dir='ltr'><strong>lares</strong></span> <span class='ocrx_word' id='word_1_138' title='bbox 649 2222 719 2273; x_wconf 91' lang='lat' dir='ltr'><strong>et</strong></span> <span class='ocrx_word' id='word_1_139' title='bbox 776 2211 1115 2293; x_wconf 57' lang='grc' dir='ltr'><strong>ὤθει-ως,</strong></span> <span class='ocrx_word' id='word_1_140' title='bbox 1183 2227 1462 2297; x_wconf 87' lang='lat' dir='ltr'><strong>tempus</strong></span> <span class='ocrx_word' id='word_1_141' title='bbox 1515 2212 1698 2299; x_wconf 75' lang='lat' dir='ltr'><strong>sibi,</strong></span> <span class='ocrx_word' id='word_1_142' title='bbox 1751 2224 1824 2275; x_wconf 86' lang='lat' dir='ltr'><strong>et</strong></span> <span class='ocrx_word' id='word_1_143' title='bbox 1885 2212 2176 2295; x_wconf 85' lang='lat' dir='ltr'><strong>quidem</strong></span> <span class='ocrx_word' id='word_1_144' title='bbox 2229 2212 2459 2275; x_wconf 77' lang='lat' dir='ltr'><strong>laxius</strong></span> <span class='ocrx_word' id='word_1_145' title='bbox 2493 2258 2514 2290; x_wconf 92' lang='lat'><strong>,</strong></span> 
     </span>
     <span class='ocr_line' id='line_1_21' title="bbox 412 2308 2515 2395; baseline 0.001 -22"><span class='ocrx_word' id='word_1_146' title='bbox 412 2308 806 2377; x_wconf 81' lang='lat' dir='ltr'><strong>vindicavit·</strong></span> <span class='ocrx_word' id='word_1_147' title='bbox 874 2310 1057 2375; x_wconf 83' lang='lat' dir='ltr'><strong>Dixit</strong></span> <span class='ocrx_word' id='word_1_148' title='bbox 1099 2312 1177 2373; x_wconf 88' lang='lat' dir='ltr'><strong>iu</strong></span> <span class='ocrx_word' id='word_1_149' title='bbox 1232 2324 1564 2389; x_wconf 89' lang='lat' dir='ltr'><strong>noctem,</strong></span> <span class='ocrx_word' id='word_1_150' title='bbox 1616 2330 1826 2395; x_wconf 83' lang='lat' dir='ltr'><strong>atque</strong></span> <span class='ocrx_word' id='word_1_151' title='bbox 1869 2310 2078 2375; x_wconf 79' lang='lat' dir='ltr'><strong>etiam</strong></span> <span class='ocrx_word' id='word_1_152' title='bbox 2119 2324 2376 2394; x_wconf 75' lang='lat' dir='ltr'><strong>nocte,</strong></span> <span class='ocrx_word' id='word_1_153' title='bbox 2428 2310 2515 2375; x_wconf 71' lang='lat' dir='ltr'><strong>ss-</strong></span> 
     </span>
     <span class='ocr_line' id='line_1_22' title="bbox 406 2400 2516 2498; baseline -0.001 -25"><span class='ocrx_word' id='word_1_154' title='bbox 406 2408 567 2473; x_wconf 82' lang='lat' dir='ltr'><strong>latis</strong></span> <span class='ocrx_word' id='word_1_155' title='bbox 617 2410 957 2489; x_wconf 69' lang='lat' dir='ltr'><strong>lucernis·</strong></span> <span class='ocrx_word' id='word_1_156' title='bbox 1010 2408 1295 2474; x_wconf 87' lang='lat' dir='ltr'><strong>Postero</strong></span> <span class='ocrx_word' id='word_1_157' title='bbox 1330 2409 1450 2473; x_wconf 87' lang='lat' dir='ltr'><strong>die</strong></span> <span class='ocrx_word' id='word_1_158' title='bbox 1505 2400 1804 2498; x_wconf 79' lang='lat' dir='ltr'><strong>egerunt</strong></span> <span class='ocrx_word' id='word_1_159' title='bbox 1851 2430 1982 2494; x_wconf 86' lang='lat' dir='ltr'><strong>pro</strong></span> <span class='ocrx_word' id='word_1_160' title='bbox 2021 2410 2231 2475; x_wconf 82' lang='lat' dir='ltr'><strong>Basso</strong></span> <span class='ocrx_word' id='word_1_161' title='bbox 2285 2408 2516 2473; x_wconf 84' lang='lat' dir='ltr'><strong>Titius</strong></span> 
     </span>
     <span class='ocr_line' id='line_1_23' title="bbox 412 2504 2520 2591; baseline 0 -18"><span class='ocrx_word' id='word_1_162' title='bbox 412 2504 833 2586; x_wconf 78' lang='lat' dir='ltr'><strong>Homullus,</strong></span> <span class='ocrx_word' id='word_1_163' title='bbox 884 2520 955 2571; x_wconf 88' lang='lat' dir='ltr'><strong>et</strong></span> <span class='ocrx_word' id='word_1_164' title='bbox 1002 2510 1305 2586; x_wconf 84' lang='lat' dir='ltr'><strong>Fronto,</strong></span> <span class='ocrx_word' id='word_1_165' title='bbox 1358 2508 1686 2575; x_wconf 67' lang='lat' dir='ltr'><strong>mirificet</strong></span> <span class='ocrx_word' id='word_1_166' title='bbox 1751 2521 2080 2591; x_wconf 82' lang='lat' dir='ltr'><strong>quartum</strong></span> <span class='ocrx_word' id='word_1_167' title='bbox 2113 2508 2304 2583; x_wconf 76' lang='lat' dir='ltr'><strong>diem</strong></span> <span class='ocrx_word' id='word_1_168' title='bbox 2353 2530 2520 2591; x_wconf 82' lang='lat' dir='ltr'><strong>pro-</strong></span> 
     </span>
     <span class='ocr_line' id='line_1_24' title="bbox 362 2597 2516 2695; baseline 0.001 -27"><span class='ocrx_word' id='word_1_169' title='bbox 362 2672 374 2683; x_wconf 66' lang='lat'>‚</span> <span class='ocrx_word' id='word_1_170' title='bbox 408 2600 726 2671; x_wconf 61' lang='lat' dir='ltr'><strong>batione-s</strong></span> <span class='ocrx_word' id='word_1_171' title='bbox 768 2620 1310 2689; x_wconf 82' lang='lat' dir='ltr'><strong>occupaverunt.</strong></span> <span class='ocrx_word' id='word_1_172' title='bbox 1366 2597 1658 2671; x_wconf 79' lang='lat' dir='ltr'><strong>Censuit</strong></span> <span class='ocrx_word' id='word_1_173' title='bbox 1707 2606 2010 2671; x_wconf 76' lang='lat' dir='ltr'><strong>Baebius</strong></span> <span class='ocrx_word' id='word_1_174' title='bbox 2027 2607 2310 2695; x_wconf 71' lang='lat' dir='ltr'><strong>Macer,</strong></span> <span class='ocrx_word' id='word_1_175' title='bbox 2343 2628 2516 2671; x_wconf 85' lang='lat' dir='ltr'><strong>con·</strong></span> 
     </span>
     <span class='ocr_line' id='line_1_25' title="bbox 410 2700 2506 2805; baseline -0.005 -32"><span class='ocrx_word' id='word_1_176' title='bbox 410 2700 525 2773; x_wconf 70' lang='lat' dir='ltr'><strong>sul</strong></span> <span class='ocrx_word' id='word_1_177' title='bbox 577 2704 1016 2795; x_wconf 75' lang='lat' dir='ltr'><strong>designatus,</strong></span> <span class='ocrx_word' id='word_1_178' title='bbox 1070 2706 1233 2795; x_wconf 76' lang='lat' dir='ltr'><strong>lege</strong></span> <span class='ocrx_word' id='word_1_179' title='bbox 1268 2706 1828 2805; x_wconf 51' lang='lat' dir='ltr'><strong>repetundarum</strong></span> <span class='ocrx_word' id='word_1_180' title='bbox 1875 2705 2161 2771; x_wconf 85' lang='lat' dir='ltr'><strong>Bassum</strong></span> <span class='ocrx_word' id='word_1_181' title='bbox 2217 2705 2506 2799; x_wconf 63' lang='lat' dir='ltr'><strong>teneri:</strong></span> 
     </span>
    </p>
   </div>
  </div>
 </body>
</html>
