2825 4642
1189 311 1328 354 ιιι-ι’
1391 267 1580 378 '¹20⁴
1728 331 1829 348 ...-

432 485 612 554 viter
659 488 1080 572 amplectar,
1111 488 1344 554 ,homo
1393 507 1572 552 sum.
1676 481 1827 550 Nee
1864 491 2029 552 verb
2082 486 2381 552 moleste
2430 487 2541 553 fe·

434 609 548 664 ro,
599 589 780 651 hane
834 605 986 650 esse
1021 585 1112 648 de
1162 586 1477 654 moribus
1518 585 1693 650 meis
1736 585 2367 664 existimationem,
2420 591 2544 664 ιη’,

433 675 558 770 ᾳύὶ
595 677 955 764 nesciunt',
991 683 1156 750 talia
1195 683 1677 760 doetissimos‚
1730 685 2208 773 gravissimos,
2258 686 2547 752 sanctis·

377 784 642 852 -simos
705 783 1028 849 homines
1097 783 1731 867 scriptitasse,·me
1796 785 2111 848 seribere
2170 785 2548 850 mirentur.

399 881 546 960 „Ab
579 883 728 953 iuis
775 897 1007 948 autem
1030 926 1052 959 ,
1104 883 1380 968 quibus·
1412 896 1663 947 notum
1678 879 1847 962 ‘est,
1885 903 2063 968 quos
2098 897 2543 968 quantosque
2602 913 2613 924 ·

432 995 754 1046 auctores
810 1001 1107 1070 sequar,
1160 979 1376 1046 facile
1424 981 1789 1068 impetrari
1838 1001 2042 1066 posse
2085 983 2407 1080 eonfiflo,
2460 995 2539 1046 ut
2620 1047 2631 1056 ,

433 1101 668 1146 errare
709 1101 866 1161 me,
916 1081 1042 1146 sed
1102 1102 1264 1144 eum
1315 1079 1496 1158 iuis,
1551 1080 1818 1159 sinant,
1870 1101 2178 1166 quorum
2230 1103 2381 1146 non
2430 1098 2539 1146 se·

427 1179 536 1242 ria
571 1179 832 1268 modo,
885 1200 1128 1244 verum
1189 1178 1400 1242 etiam
1450 1179 1645 1246 lusus
1685 1179 2121 1265 exprimere,
2172 1179 2545 1246 laudabile

431 1291 559 1342 est.
613 1283 730 1342 An
782 1297 913 1370 ego
951 1299 1194 1342 verear
1243 1275 1641 1364 (neminem
1690 1278 2127 1357 viventium,
2192 1299 2283 1342 ne
2312 1301 2545 1368 “quam

425 1377 507 1439 in
557 1375 871 1464 speciem
921 1377 1344 1443 adulationis
1374 1375 1732 1466 incidam,
1774 1375 2193 1465 nominabo)
2227 1379 2351 1441 sed
2402 1400 2541 1467 ego

432 1497 720 1556 verear,
785 1497 880 1540 ne
929 1498 1044 1541 me
1116 1499 1264 1540 non
1317 1473 1481 1548 satis
1534 1476 1825 1554 deceat,
1882 1476 2077 1560 quod
2140 1476 2383 1542 decuit
2432 1477 2541 1542 Μ.

434 1573 800 1659 Tullium,
854 1565 1100 1656 Caium
1133 1563 1448 1654 Calvum,
1518 1573 1847 1640 Asinium
1884 1570 2323 1652 Pollionem,
2358 1575 2547 1641 Mar·

429 1697 600 1742 eum
649 1675 1064 1753 Messalam,
1118 1667 1461 1752 Quintum
1517 1668 2009 1754 Hortensium,
2044 1675 2143 1738 M.
2194 1675 2487 1742 Brutum
2522 1720 2547 1757 ,

431 1773 832 1850 L.,Sullam
893 1773 978 1852 Q.
1043 1771 1373 1839 Catulum
1413 1817 1435 1850 ,
1490 1771 1837 1850 Quintum
1888 1765 2335 1854 Scaevolam,
2390 1773 2541 1841 Ser.

435 1871 876 1958 Sulpicium,
928 1875 1364 1951 Varronem,
1417 1855 1900 1956 Torquatum,
1937 1871 2079 1934 imo
2122 1871 2543 1960 Torquatos,

439 1971 515 2036 C.
549 1971 1010 2053 Memmium,
1059 1969 1442 2035 Lentulum
1474 1969 1960 2048 Gaetulicum,
2016 1977 2395 2038 Annaeum
2425 1975 2545 2038 Se-

437 2091 692 2136 necam
761 2082 833 2133 et
879 2071 1196 2156 proxime
1247 2070 1664 2160 Verginium
1738 2067 2051 2148 Rufum,
2126 2083 2234 2149 et,
2286 2073 2347 2138 si
2396 2095 2545 2138 non

441 2168 806 2237 sufficiunt
844 2171 1166 2255 exempla
1216 2170 1507 2258 privata,
1534 2169 1779 2234 divum
1798 2167 2095 2249 Julium,
2129 2171 2549 2238 divum.Au·

439 2263 750 2360 gustum,
771 2267 1026 2364 divum
1057 2269 1379 2350 Nervam,
1415 2269 1503 2336 T.
1534 2267 1937 2336 Caesarem?
1970 2267 2327 2336 Neronem
2350 2271 2543 2338 enim

439 2383 764 2454 transeo,
817 2371 1132 2454 quamvis
1165 2369 1408 2450 seiam,
1446 2391 1592 2434 non
1635 2369 2001 2457 eorrumpi
2057 2372 2135 2434 in
2175 2369 2485 2437 deterius
2521 2417 2543 2450 ,

445 2488 628 2552 quae
677 2463 1061 2552 aliquando
1093 2468 1300 2534 etiam
1343 2490 1380 2534 a
1413 2467 1657 2549 malis;
1706 2467 1833 2534 sed
1880 2472 2173 2536 honesta
2226 2491 2539 2550 manere,

444 2587 626 2652 quae
674 2567 950 2654 saepius
1001 2591 1038 2634 a
1085 2565 1294 2638 bonis
1341 2569 1543 2642 fiunt.
1658 2565 1849 2632 Inter
1888 2590 2063 2656 quos
2104 2569 2219 2634 vel
2264 2569 2541 2656 praeei-
